3067 6450
429 1197 553 1253 ronnm
569 1195 730 1254 srtsrotn
748 1198 794 1252 AD
813 1198 986 1259 ROMANOS.
1003 1201 1047 1258 tx.
1066 1200 1097 1259 Χ.
1263 1207 1327 1272 209

372 1445 420 1510 IX.
466 1446 562 1510 Orate
581 1466 643 1527 pro
666 1448 800 1512 ecclesio
821 1450 943 1532 Syriae.
988 1438 1155 1516 Solutotio.

290 1567 463 1632 ¹tternores
486 1576 584 1633 estote
607 1571 636 1633 in
659 1573 800 1653 precibus
823 1574 932 1635 vestris
950 1573 1097 1637 ecciesiae
1113 1576 1227 1658 Syriae,
1251 1595 1329 1656 ‹prroo

199 1675 258 1737 mei
281 1674 351 1736 loco
375 1672 441 1750 Deo
473 1680 593 1755 pastore
624 1676 722 1738 utitur.
769 1675 856 1740 Sotns
880 1675 970 1740 Jesos
995 1678 1129 1741 Christos
1155 1680 1231 1742 ittam
1263 1681 1330 1743 vice

200 1779 337 1861 episcopi
367 1784 471 1861 reget,
503 1784 593 1859 etque
624 1788 725 1843 vestro
757 1780 895 1843 chorites.
940 1781 1005 1864 Ego
1040 1791 1138 1846 autern
1171 1785 1330 1864 erubesco,

200 1904 241 1947 ex
265 1901 369 1946 eororn
392 1902 516 1947 numero
541 1885 615 1961 dici;
644 1903 704 1948 non
729 1885 807 1947 eninr
830 1902 894 1946 sum
921 1885 1046 1968 dignus,
1078 1894 1179 1969 utpote
1203 1890 1253 1970 qui
1275 1890 1331 1950 siin

202 1988 348 2052 'uttirnns
372 2006 476 2051 eororn
500 1996 530 2052 et
553 1990 716 2053 ebortivus.
763 1990 873 2052 Verum
894 1991 1126 2054 misericordiam
1150 2001 1331 2056 consecutus

202 2112 285 2170 suin,
310 2100 341 2155 ut
364 2110 462 2155 essem
486 2092 609 2174 aliquis,
640 2095 665 2156 si
688 2095 784 2157 Deum
807 2112 985 2176 consequor.
1031 2096 1143 2159 Salutat
1168 2115 1223 2159 vos
1246 2116 1331 2160 rnens

203 2201 324 2280 spiritns
348 2205 377 2261 et
399 2200 526 2262 chorites
551 2200 759 2277 ecclesiarum,
784 2218 862 2280 quoe
884 2219 931 2261 nie
952 2208 1136 2281 exceperunt
1161 2201 1332 2264 innomine

203 2304 278 2367 Jesu
309 2305 433 2381 Christi,
466 2301 555 2367 ³non
586 2311 618 2367 ot
649 2310 860 2366 transeuntem.
905 2304 1020 2367 Etenim
1055 2305 1220 2385 ecclesiae,
1255 2326 1332 2388 quoe

204 2412 276 2474 nttnit
300 2412 335 2473 ed
359 2429 406 2473 ine
430 2407 647 2491 ⁴pertinebant
670 2411 699 2472 in
722 2411 788 2488 vie,
813 2407 918 2490 ⁶quae
941 2409 1105 2474 secondum
1132 2429 1252 2474 carnem
1277 2418 1333 2490 est,
1361 2474 1369 2490 ,

205 2535 254 2578 nie
277 2534 332 2598 per
354 2517 487 2579 civitates
510 2509 762 2579 “comitabantun

639 2706 673 2769 X.
722 2704 900 2770 Conclusio.

297 2825 424 2894 'Scribo
448 2836 546 2893 nutem
569 2828 644 2890 hoec
668 2828 753 2891 vobis
778 2846 795 2889 e
819 2827 943 2910 Smyrna
970 2847 1024 2909 per
1046 2828 1192 2910 Ephesios
1216 2829 1335 2913 dignis-

207 2938 311 3013 simos,
335 2936 385 3016 qui
407 2937 485 2998 besti
507 2934 725 3016 praedicentur.
771 2933 886 2996 Mecum
903 2934 989 2994 etiarn
1005 2939 1051 2995 est
1067 2952 1133 2996 conr
1149 2935 1213 2998 otiis
1235 2924 1356 2998 ιηυ11ἰ3’

207 3035 365 3119 ⁸Crocos,
396 3038 592 3102 desideratum
622 3040 691 3101 inihi
722 3056 841 3100 nornen.
887 3036 931 3099 De
961 3037 1022 3116 his,
1054 3039 1104 3117 qui
1135 3057 1182 3100 ine
1207 3056 1225 3099 e
1247 3040 1334 3121 Syrte
1449 3094 1454 3108 ,

206 3144 330 3207 Romam
354 3161 448 3225 usque
470 3150 702 3227 praecesserunt
730 3141 766 3205 ad
797 3141 922 3226 gloriam
945 3140 1019 3219 Det,
1051 3141 1161 3219 oredo,
1193 3159 1249 3204 vos
1280 3162 1334 3206 eos

209 3250 409 3331 cognovisse3
432 3248 602 3310 annuntiate
626 3266 746 3330 qnoque
766 3248 812 3323 iis,
837 3265 883 3308 nne
900 3264 995 3327 prope
1012 3262 1089 3307 esse.
1128 3245 1240 3308 Omnes
1256 3249 1335 3312 enirn

209 3355 276 3418 Deo
298 3360 329 3417 et
351 3354 437 3418 robis
461 3353 542 3436 digni
564 3360 643 3431 sunt,
668 3358 697 3415 et
719 3369 772 3414 eos
796 3352 825 3413 in
850 3350 987 3413 ornnitins
1010 3366 1150 3411 recreare
1167 3368 1221 3412 vos
1238 3351 1334 3415 decet.

208 3459 292 3522 tinec
316 3460 420 3539 scripsi
444 3437 530 3521 vobis
553 3464 621 3520 onte
643 3456 721 3520 diem
743 3453 946 3517 tironiensis
962 3453 1144 3536 Septembris
1166 3448 1266 3538 [⁹hoc
1288 3462 1336 3519 est

210 3566 350 3627 vicesimo
378 3558 497 3626 ¹⁰tertie
514 3560 668 3648 Augusti}
706 3561 821 3640 Volete,
844 3560 938 3623 fortes
957 3576 1055 3641 usqne
1071 3559 1101 3621 in
1116 3557 1215 3638 tinem,
1239 3560 1335 3623 susti-

210 3675 319 3732 nentes
340 3686 396 3751 pro
418 3668 493 3732 Jesu
516 3666 644 3732 Christo.
690 3666 795 3730 Anien.

211 3864 284 3915 viem
310 3867 477 3924 imment,
507 3858 601 3924 opponi
628 3858 688 3908 vino
714 3855 759 3919 itti,
787 3855 818 3912 εἷς
844 3856 910 3910 τεῖος
936 3852 962 3903 ἓν
987 3848 1099 3913 ὕπομονῇ
1124 3848 1198 3915 ’1ῳοῦ
1227 3854 1337 3918 Χριστοῦ

211 3964 260 4016 qo·
275 3946 385 4013 ignotius
403 3961 450 4011 per
468 3946 616 4012 mnrtyrium
633 3944 665 3996 ed
679 3942 760 3996 Deum
788 3941 868 4009 [Θεοῦ
883 3939 974 4009 ἡμῶν]
1009 3939 1115 3991 Textorn
1139 3949 1268 4005 nostrum,
1294 3941 1336 3993 cni
1383 3931 1387 3936 ’

212 4035 348 4103 pervenire
367 4033 492 4103 sperabat.
788 4030 927 4080 concordat
941 4029 1028 4079 versio
1042 4026 1202 4089 Armenium,
1220 4027 1337 4079 (tetendit

247 4122 278 4185 6)
296 4116 416 4185 Προᾰγην
443 4139 476 4169 =
500 4119 661 4186 npenlpmecr.
714 4115 760 4168 Tio
789 4119 919 4177 Uhthorn,
940 4113 957 4165 Ι.
978 4129 999 4165 o.
1019 4131 1044 4181 p.
1063 4113 1106 4166 60.

213 4207 239 4273 3,
262 4206 302 4258 ts.
330 4210 424 4257 Perus.
824 4203 852 4264 8)
872 4198 1018 4267 Ctmuprt
1036 4200 1069 4250 ed
1088 4199 1184 4267 Ephes.
1206 4217 1229 4254 e.
1248 4202 1272 4254 2.

248 4289 761 4359 ¹1)LocohrrjoscepitisSyrosccpp.⁴
825 4287 853 4352 9)
874 4285 1024 4350 otonem,
1067 4286 1135 4355 quod
1176 4304 1225 4341 nec
1264 4297 1338 4341 vetus

215 4379 275 4430 οἰδ
301 4376 425 4446 epistotae
445 4378 476 4429 nd
496 4377 634 4430 Trntttenos
651 4378 762 4429 versioni
790 4375 919 4442 interpres
949 4371 1056 4440 tutinus,
1092 4389 1141 4426 nec
1169 4373 1339 4442 interpolator

215 4481 276 4517 suco
300 4464 413 4527 eddidit3
441 4480 456 4516 e
481 4465 565 4532 sopite
590 4478 653 4515 vero
676 4471 763 4513 nostro
791 4462 902 4529 egnovit.

216 4550 249 4604 nit
267 4549 356 4621 clegit,
376 4551 424 4604 nisi
442 4549 521 4605 verbu
540 4549 642 4603 ultime:
660 4547 764 4617 coporos
811 4547 855 4613 to)
876 4548 900 4600 L.
919 4545 1028 4615 τετάρτῃ.
1055 4553 1181 4602 Rormr.

664 4831 895 4848 ψ

274 5142 340 5186 terres
353 5147 417 5194 opat.
434 5141 468 5187 et.
483 5141 518 5188 tv.
