3067 6450
382 1186 505 1245 sennua
521 1185 680 1242 aristosa
697 1189 743 1243 ΑΙ)
762 1187 930 1245 uruaslos.
948 1189 1013 1247 xm
1029 1191 1095 1248 xiv,
1112 1193 1164 1249 XV·
1272 1198 1334 1264 165

400 1435 473 1501 XIII.
520 1435 690 1500 Convenite
713 1436 843 1516 saepias
866 1438 909 1501 ad
932 1439 1046 1502 cottam
1068 1438 1138 1503 Dei.

299 1560 395 1624 'Date
413 1561 512 1642 itaque
533 1578 665 1643 operam,
687 1567 720 1625 ut
738 1557 897 1624 ²crebrius
916 1564 1143 1645 congregemini
1162 1562 1199 1627 ad
1219 1566 1332 1648 gratias

205 1668 273 1731 Deo
297 1666 448 1751 agendas,
480 1671 509 1728 et
532 1665 568 1728 od
592 1683 659 1729 enm
683 1662 898 1729 ³laudandum.
945 1664 1070 1739 Quando
1103 1667 1180 1729 enirn
1211 1670 1333 1752 saepius

205 1772 236 1834 in
267 1771 393 1834 eundern
423 1770 521 1834 locurn
552 1771 736 1848 convenitis,
769 1770 984 1833 labefactantur
1014 1771 1094 1832 vires
1125 1770 1269 1852 Satanae,
1303 1780 1334 1836 et

206 1876 367 1941 concordia
392 1881 512 1937 vestrae
536 1875 604 1938 fidei
627 1874 753 1938 solvitur
776 1876 907 1953 exitium,
931 1873 1012 1954 quod
1035 1874 1084 1936 itte
1111 1873 1208 1937 infert.
1253 1877 1333 1941 Nihil

203 1981 403 2064 praestantius
424 1997 500 2060 pace
521 1986 585 2056 est,
615 1998 673 2059 qua
695 1978 833 2042 aboletur
856 1996 945 2042 omne
967 1978 1077 2042 bellum
1103 1978 1278 2042 coelestium
1302 1987 1333 2044 et

205 2091 404 2148 terrenorum.

203 2274 280 2337 XIV.
322 2273 467 2351 Terentio
480 2275 572 2355 fidem
588 2282 618 2338 et
632 2273 826 2352 otiositatem,
848 2282 879 2336 et
894 2275 1044 2354 operibus
1058 2296 1117 2341 cos
1134 2277 1332 2344 Christianos

671 2377 861 2459 praebentia.

293 2499 454 2574 *Quorum
477 2500 549 2563 nibit
573 2519 630 2565 vos
652 2501 740 2582 latet,
770 2504 796 2565 si
825 2500 960 2583 perfecte
982 2501 1144 2567 habueritis
1175 2503 1204 2566 in
1227 2503 1330 2569 Jesunr

203 2608 352 2672 Christum
375 2607 463 2669 fidem
487 2613 518 2669 et
541 2607 731 2686 charitatem,
763 2625 841 2689 quae
864 2607 975 2668 initium
999 2608 1078 2670 vitae
1110 2615 1140 2671 et
1162 2608 1229 2671 finis
1252 2616 1329 2674 sunt

203 2711 406 2793 ⁶Principiurn
425 2710 545 2792 quidem
565 2712 649 2791 tides,
673 2713 739 2776 finis
764 2709 865 2776 ⁶vero
883 2711 1020 2776 ebaritas.
1057 2712 1139 2775 Haec
1153 2721 1251 2778 autern
1270 2714 1329 2779 duo

201 2817 233 2879 in
257 2833 347 2879 unum
371 2815 508 2877 coeuntia
533 2808 573 2876 7a
598 2815 662 2879 Deo
686 2823 774 2893 sunt;
799 2818 896 2880 omnia
920 2835 994 2881 vero
1017 2816 1073 2880 aiio
1096 2816 1133 2880 ad
1153 2820 1329 2900 probitatem

202 2926 402 2983 consectanea
424 2923 501 2981 sunt.
546 2917 650 2981 Nullus
673 2919 760 2983 tidem
783 2922 927 3002 profitens
949 2927 1070 3003 peceat,
1100 2940 1199 3003 neque
1228 2923 1330 2988 cbari-

202 3033 293 3088 tatem
327 3022 487 3106 possidens
519 3021 590 3087 odit.
635 3018 821 3089 ⁸Manitesta
856 3032 902 3088 est
936 3025 1024 3088 arbor
1057 3044 1096 3088 ex
1127 3026 1225 3090 fructu
1254 3045 1329 3104 sno;

200 3129 348 3208 similiter,
372 3129 423 3210 qui
437 3127 616 3210 profitentur
631 3147 666 3192 se
683 3129 867 3193 Christianos
884 3147 964 3207 esse,
988 3148 1027 3191 ex
1046 3130 1092 3210 iis,
1115 3148 1192 3211 quae
1208 3130 1328 3210 iaciunt,

203 3240 375 3298 cernentur.
418 3234 486 3297 Non
511 3236 590 3296 eninr
612 3252 693 3297 nuno
715 3230 931 3317 ⁹pr0tessione
954 3251 1031 3315 opos
1054 3240 1109 3314 est,
1134 3233 1189 3298 sed
1213 3234 1329 3315 siquis

203 3340 234 3403 in
258 3340 367 3402 virtute
389 3336 457 3401 tidei
479 3338 647 3403 inveniatur
669 3357 765 3421 usque
788 3336 825 3401 ad
849 3337 946 3402 tinem.

202 3530 266 3594 XV.
289 3529 361 3594 Non
376 3530 538 3610 loquentes
551 3530 663 3607 sotum,
679 3529 736 3591 sed
751 3538 781 3592 et
794 3529 923 3592 silentes
934 3528 1102 3592 Dominum
1112 3526 1325 3607 profiteamur.

292 3646 437 3715 ¹⁰bielius
460 3657 516 3732 est,
543 3649 564 3690 ¹¹
578 3660 678 3715 tacere
701 3660 732 3715 et
754 3671 833 3732 esse,
856 3671 944 3734 quarn
967 3652 1140 3732 toquentem
1163 3665 1222 3712 non
1247 3664 1327 3711 esse.

203 3753 231 3796 ¹²
246 3757 362 3820 Bonum
384 3763 431 3821 est
453 3755 582 3836 docere,
605 3757 647 3836 si,
672 3758 721 3839 qui
745 3756 824 3837 dicit,
848 3756 945 3820 iaciat.
989 3754 1073 3817 Unus
1096 3755 1187 3839 igitur
1209 3751 1326 3831 doctor,

199 3862 253 3945 qui
277 3861 360 3940 dixit,
382 3866 412 3925 et
435 3859 542 3924 tactum
566 3866 630 3937 est;
653 3861 708 3924 sed
727 3869 756 3925 et
777 3880 854 3943 quae
882 3858 1009 3926 ¹³sttens
1030 3858 1110 3938 iecit,
1135 3858 1223 3941 digna
1239 3856 1326 3919 Patre

199 3973 280 4032 sunt
326 3966 383 4041 Qui
417 3966 540 4029 verbum
574 3964 648 4029 Jesu
682 3967 834 4049 possidet,
874 3985 946 4029 vere
980 3970 1080 4045 potest
1115 3969 1145 4025 et
1176 3960 1327 4025 silentium

201 4074 297 4155 ipsius
329 4070 452 4151 audire,
489 4076 521 4133 ut
553 4069 705 4152 perfectus
739 4073 794 4151 sit,
826 4078 860 4134 ut
892 4090 948 4153 per
981 4088 1037 4148 ea,
1074 4084 1151 4149 quac
1184 4065 1327 4147 loquitur,

203 4184 366 4260 operetur,
403 4181 433 4240 et
469 4193 525 4257 per
561 4176 708 4239 silentium
745 4195 832 4240 suurn
870 4179 1080 4258 cognoscatur.
1141 4168 1218 4232 Nibit
1255 4170 1327 4232 latet

202 4283 379 4361 Dominum,
416 4278 471 4344 sed
504 4285 534 4343 et
565 4297 673 4343 arcana
707 4286 808 4343 nostra
841 4297 936 4361 prope
970 4280 1064 4359 ipsum
1098 4279 1175 4336 sunt
1221 4271 1327 4335 Omnia

238 4418 267 4480 8)
286 4416 374 4469 uinta
393 4415 436 4481 12,
454 4414 497 4469 3³.
779 4435 825 4464 rar.
861 4414 1007 4467 Posteriora
1029 4412 1094 4466 base
1119 4410 1198 4465 rerba
1221 4426 1236 4462 s
1261 4408 1325 4476 Syro

239 4506 268 4571 o)
287 4502 306 4556 1.
322 4520 346 4557 e.
363 4519 432 4556 nanc
451 4517 502 4555 nou
516 4503 601 4555 omnis
614 4502 669 4556 sota
681 4522 750 4575 prc-
778 4501 846 4555 mals
872 4517 929 4554 eum
955 4498 1165 4554 untscsdentrbus
1191 4496 1325 4563 conjuncta

202 4594 324 4661 sessim
346 4589 406 4642 briei
431 4588 568 4660 adimpleta
592 4597 658 4642 sunt.
695 4590 753 4640 Νῦν
779 4594 844 4642 sunt.

204 4678 278 4731 deest
296 4676 363 4745 apud
380 4676 480 4744 Syram.
799 4675 843 4741 tt)
861 4673 881 4726 1.
910 4690 933 4726 c.
963 4690 1025 4728 ssss
1055 4671 1237 4726 Mtimsss
1265 4666 1326 4721 sisu

221 4765 267 4833 10)
287 4764 366 4832 Syros
395 4764 479 4816 omnia
508 4765 675 4830 praetermisit
704 4765 752 4816 nisi
779 4766 890 4833 strepitu
907 4763 1057 4816 eertmss.
1084 4759 1175 4808 Suttu-

204 4850 282 4905 hcc:
304 4846 422 4914 Ἄμεινόν
439 4848 503 4900 ἔστιν
521 4854 614 4900 σιωπᾶν
632 4853 672 4899 sai
692 4848 755 4900 sirei
798 4848 842 4912 12)
861 4845 912 4899 Cir.
931 4846 1004 4898 Rom.
1023 4843 1049 4907 2,
1068 4840 1110 4892 21.

205 4940 265 5005 (τι),
289 4935 440 5003 scissem
462 4934 496 5002 μή
519 4937 589 5000 om,
611 4936 652 4987 oe
670 4933 701 4987 st
717 4925 751 4987 aa
797 4935 843 5006 13)
860 4933 879 4986 1.
899 4949 923 4985 ο.
950 4945 1016 4999 quie
1039 4926 1169 4992 curratur,
1197 4924 1229 4979 rb
1255 4927 1323 4979 omi

203 5027 269 5076 tutet
284 5021 391 5094 npicop,
408 5025 448 5075 eat
466 5020 498 5075 ot
512 5012 547 5076 eir
564 5026 618 5092 σιγᾷ
634 5020 751 5094 procup-
778 5020 1070 5092 corroboraremus,
1086 5012 1204 5083 perfecit.
