3067 6450
288 1201 354 1266 438
505 1192 641 1247 HERMAE
660 1190 796 1245 Pastott.
831 1188 927 1242 LIBER
945 1187 987 1242 ΙΙΙ.
1024 1187 1150 1241 sunm.
1169 1188 1200 1240 X.

290 1362 470 1443 quicumque
492 1362 575 1418 recte
600 1353 700 1417 iacere
723 1357 865 1433 possunt;
889 1350 967 1412 bona
990 1367 1083 1431 opera
1100 1367 1260 1429 exercere,
1284 1352 1353 1413 utile
1370 1361 1406 1414 est

289 1467 357 1529 illis.
394 1464 468 1525 Dico
493 1467 600 1537 autem,
628 1456 766 1519 'emnem
790 1454 939 1516 homiuem
963 1453 1001 1516 de
1017 1454 1215 1518 incommodis
1232 1456 1308 1535 eripi
1325 1475 1407 1537 apar-

290 1578 363 1632 tere.
401 1567 429 1629 ls
452 1567 540 1643 euim,
563 1564 614 1645 qui
637 1567 717 1644 eget,
742 1565 771 1622 et
789 1560 819 1621 in
834 1558 1004 1640 quotidiana
1022 1560 1080 1621 vita
1096 1561 1205 1640 patitur
1223 1562 1408 1639 incommoda,

289 1675 319 1736 iu
342 1690 451 1755 magua
472 1675 622 1734 tormento
646 1672 690 1728 est
706 1683 741 1727 ac
757 1665 946 1726 necessitate.
984 1664 1125 1744 Quisquis
1142 1665 1236 1748 igitur
1252 1665 1409 1747 hujusmodi

289 1778 415 1840 animam
446 1774 532 1855 eripit
562 1771 599 1834 de
630 1771 826 1847 necessitate,
857 1787 995 1852 magnum
1025 1769 1166 1850 gaudium
1197 1771 1257 1831 sibi
1287 1773 1409 1852 acquirit

289 1882 362 1944 Nam
386 1881 421 1959 is,
444 1880 495 1960 qui
517 1875 685 1959 hujusmodi
709 1882 837 1936 vexatur
859 1874 1057 1952 incommoda,
1081 1875 1145 1954 pari
1170 1880 1325 1937 tormenta
1348 1895 1411 1937 cru-

290 1988 402 2064 ciatur,
433 1991 523 2064 atque
553 2001 587 2044 se
616 1986 737 2061 torquet
766 1981 807 2059 is,
838 1981 887 2061 qui
917 1980 946 2041 iu
976 1980 1103 2041 vinculis
1134 1985 1188 2041 est.
1237 1981 1322 2043 Multi
1344 1983 1410 2043 enim

289 2098 414 2173 propter
436 2085 604 2170 hujusmodi
627 2086 818 2164 calamitates,
841 2103 931 2165 quum
955 2102 1008 2146 eas
1031 2084 1181 2146 sustinere
1205 2104 1269 2148 uon
1289 2093 1411 2166 possunt,

290 2202 416 2258 mortem
439 2194 495 2256 sibi
519 2190 715 2255 consciscunt.
754 2190 812 2263 Qut
834 2191 917 2252 uouit
935 2191 1024 2272 igitur
1041 2189 1237 2253 calamitatem
1254 2191 1411 2273 hujusmodi

290 2299 437 2378 hominis,
461 2303 491 2360 et
513 2315 574 2358 nau
597 2295 685 2376 cripit
708 2312 792 2373 eum,
824 2313 962 2377 magnum
986 2300 1139 2376 peccatum
1163 2295 1309 2374 admittit,
1340 2297 1412 2358 etit

291 2421 362 2466 reus
385 2401 540 2484 sanguinis
564 2402 638 2483 ejus.
683 2399 783 2462 Facite
807 2400 898 2481 igitur
921 2417 1013 2480 opera
1037 2401 1131 2479 baua,
1160 2402 1343 2482 quicumque
1365 2421 1411 2464 ac-

291 2507 412 2588 cepistis
435 2526 452 2569 a
475 2506 621 2584 Domine,
653 2522 708 2582 ne,
739 2503 807 2565 dum
839 2504 992 2566 moramini
1015 2502 1132 2583 iacere,
1168 2503 1412 2568 ²consummetur

291 2618 439 2674 structura
463 2611 571 2686 turris3
601 2615 724 2691 propter
752 2627 807 2672 uos
838 2609 915 2670 enim
938 2610 1137 2672 intermissum
1162 2618 1207 2673 est
1235 2630 1312 2693 opus
1333 2612 1411 2675 aedi-

291 2714 435 2780 ficationis
459 2719 534 2797 ejus.
580 2715 643 2777 Nisi
668 2715 757 2796 igitur
781 2714 991 2776 festinaveritis
1015 2714 1117 2777 iacere
1139 2725 1245 2795 recte,
1276 2736 1410 2780 cousum-

291 2819 417 2882 mabitur
448 2820 555 2896 turris,
591 2825 621 2880 et
653 2817 881 2882 excludamini.“
928 2820 1084 2901 Postquam
1116 2839 1191 2884 vere
1224 2823 1343 2886 locutus
1371 2830 1409 2885 cst

291 2942 426 3003 mecum,
456 2924 585 2986 surrexit
610 2922 648 2986 de
670 2924 765 3002 lecto,
790 2931 818 2987 et
842 2925 1030 3007 apprehensa
1053 2932 1175 3006 pastore
1198 2934 1231 2990 ct
1255 2930 1408 3010 uirginibus

292 3030 371 3093 abiit.
416 3029 499 3092 Dixit
520 3035 616 3091 autem
639 3028 719 3107 mihi,
744 3030 938 3092 remissurum
961 3047 996 3091 se
1019 3036 1170 3111 pastorem
1195 3031 1278 3095 iilum
1301 3040 1331 3095 et
1352 3034 1408 3094 uir-

292 3135 379 3221 pinea
404 3134 468 3197 illas
490 3134 520 3197 iu
543 3133 661 3197 domum
684 3152 789 3197 meam.

328 3324 356 3392 1)
375 3322 544 3376 Commendat
562 3323 752 3391 eleemosynam
772 3332 822 3377 etc.
853 3327 859 3391 Ι
908 3325 937 3391 2)
957 3322 1008 3378 Cir.
1028 3322 1107 3378 Simil.
1127 3324 1176 3393 ut,
1195 3328 1221 3380 5.
