3067 6450
403 1159 541 1215 mnan
560 1160 695 1216 caston.
732 1160 828 1215 [roan
847 1162 887 1217 111.
924 1163 1049 1219 sititur.
1069 1166 1133 1221 vna
1263 1173 1328 1238 405

202 1326 241 1388 iis
265 1322 303 1387 ad
326 1323 535 1406 poenitentiam
558 1342 748 1407 regressum,
779 1343 817 1385 ne
848 1343 954 1388 rursus
984 1327 1081 1409 legem
1104 1331 1169 1412 ejus
1192 1329 1328 1394 nefandis

202 1430 418 1493 maledicerent
434 1429 564 1491 verbisf‘
612 1429 686 1490 Itico
704 1429 749 1490 ei:
775 1448 874 1507 ,nunc
891 1431 969 1509 mihi,
994 1430 1122 1510 domine,
1146 1433 1327 1515 demonstra,
1372 1410 1377 1426 ⁸

203 1534 302 1617 qualis
327 1533 365 1595 sit
380 1532 463 1596 iocus
480 1535 625 1615 cujusque
641 1550 755 1609 eorum,
779 1535 829 1613 qui
847 1535 947 1617 virgas
963 1535 1167 1615 reddiderunt,
1192 1545 1221 1600 et
1236 1540 1327 1602 sedes

203 1658 326 1715 eorum3
351 1645 382 1700 ut
404 1636 510 1699 auditis
533 1637 578 1699 his
603 1645 632 1700 et
655 1637 786 1716 creditis,
810 1640 839 1716 ii,
863 1640 913 1720 qui
937 1657 996 1702 non
1020 1641 1225 1703 custodierunt
1249 1643 1329 1705 inte-

202 1762 302 1829 grum,
327 1742 380 1805 sed
404 1742 621 1822 dissipaverunt
644 1743 782 1825 sigilium,
807 1744 887 1824 quod
911 1751 1108 1825 acceperunt,
1133 1749 1240 1829 agnitis
1264 1749 1327 1811 sois

202 1848 292 1911 factis
317 1848 527 1929 poenitentiam
550 1854 656 1929 agant,
685 1854 714 1908 et
744 1855 868 1928 accepto
892 1868 907 1909 a
932 1855 961 1910 te
984 1850 1082 1932 sigillo
1107 1851 1234 1915 Domino
1258 1852 1329 1916 dent

201 1954 361 2029 honorem,
386 1949 466 2031 quod
490 1950 526 2010 sit
550 1969 641 2032 snper
664 1968 718 2012 eos
742 1958 839 2013 motus
855 1952 1008 2015 elementia
1025 1972 1089 2032 sua,
1113 1960 1142 2017 et
1158 1955 1271 2019 miserit
1286 1964 1327 2037 te,

201 2065 236 2122 ut
258 2059 379 2139 spiritns
403 2073 506 2117 eorum
531 2055 692 2117 renoves.“
741 2055 869 2134 ,dudi,“
895 2056 1005 2136 inquit:
1034 2055 1205 2137 ¹,quorum
1221 2063 1327 2145 virgae
1398 2048 1401 2057 ¹

202 2161 307 2225 aridae
332 2167 362 2222 et
386 2158 521 2242 putridae
543 2164 682 2240 repertae
706 2166 784 2237 sunt,
808 2165 837 2221 et
852 2161 933 2222 vetut
949 2180 965 2222 a
982 2163 1060 2224 tinea
1076 2169 1188 2239 taetae;
1211 2164 1240 2226 hi
1258 2171 1327 2227 sont

203 2262 379 2349 transfugae
403 2272 432 2327 et
456 2264 603 2325 ecciesiae
626 2263 811 2344 proditores,
834 2265 884 2345 qni
906 2266 983 2327 inter
1004 2266 1117 2346 reliqua
1141 2285 1194 2330 sua
1219 2267 1325 2331 delicta

202 2368 342 2434 nefandis
365 2368 466 2431 verbis
490 2368 647 2430 Dominum
678 2369 830 2447 insectati,
860 2367 1000 2433 “nomen
1031 2373 1099 2450 ejas
1121 2381 1324 2452 necaverunt,
1401 2358 1403 2363 ¹

203 2476 290 2559 qaod
312 2494 406 2553 anper
430 2493 485 2536 eoa
508 2481 578 2535 erat
600 2474 785 2536 invocatam.
831 2473 866 2536 Hi
889 2474 978 2556 igitur
1000 2492 1104 2539 omnes
1128 2478 1234 2539 mortui
1256 2484 1325 2540 sunt

203 2579 289 2657 Deo,
319 2582 407 2659 atque
437 2578 525 2640 etiam
556 2577 702 2639 neminem
729 2595 832 2640 eorum
863 2577 947 2639 vides
978 2578 1080 2660 egisse
1102 2582 1324 2661 poenitentiam,

203 2683 324 2746 tametsi
346 2681 493 2745 audierint
516 2680 649 2744 mandata
673 2701 748 2761 mea,
772 2700 850 2762 quae
874 2688 903 2743 tu
920 2681 963 2743 eis
978 2682 1141 2762 protulisti3
1164 2686 1200 2748 ab
1217 2685 1323 2769 hujus-

203 2785 286 2850 modi
310 2805 385 2869 ergo
408 2786 574 2848 hominibus
598 2785 683 2849 abest
706 2785 773 2845 vita.
820 2784 854 2846 Hi
878 2801 1007 2865 qnoque,
1030 2786 1080 2865 qui
1104 2788 1202 2849 aridas
1219 2795 1249 2851 et
1264 2807 1324 2853 non

202 2890 337 2975 putridas
362 2890 555 2970 tradiderunt,
580 2909 639 2954 non
656 2889 814 2969 proculab
833 2889 886 2950 iliis
902 2887 1037 2965 fuerunt3
1061 2889 1120 2951 freti
1136 2893 1214 2954 enim
1230 2900 1323 2973 erant,

202 3004 234 3062 et
259 2996 407 3060 doctrinas
431 3013 537 3077 pravas
554 2993 724 3072 intulerunt,
749 3000 778 3055 et
796 2999 1004 3074 perverterunt
1019 3012 1126 3057 servos
1142 2996 1208 3074 Dei,
1231 3016 1323 3079 prae-

203 3106 292 3184 cipue
316 3119 386 3180 eos,
410 3101 459 3182 qni
483 3108 675 3182 peccassent,
707 3117 766 3162 non
791 3100 925 3161 sinentes
949 3117 1002 3161 eos
1026 3096 1087 3160 ³ad
1111 3100 1323 3180 poenitentiam

201 3206 314 3285 redire,
338 3205 391 3269 sed
416 3205 557 3270 doctrinis
582 3204 669 3267 fatuis
693 3203 867 3267 detinentes.
914 3202 949 3265 Hi
966 3221 1041 3286 ergo
1063 3202 1171 3266 habent
1186 3205 1223 3267 ad
1239 3221 1322 3286 spem

199 3330 375 3396 regressam
385 3331 394 3387 ;
418 3317 506 3393 atque
530 3312 615 3373 etiam
633 3310 738 3372 multos
755 3307 839 3371 rides
857 3328 949 3391 agere
965 3310 1184 3390 poenitentiam,
1208 3329 1248 3374 ex
1264 3328 1323 3392 quo

200 3417 248 3479 eis
272 3417 405 3479 mandata
430 3435 494 3478 mea
518 3415 682 3497 protulisti;
706 3422 734 3476 et
758 3414 854 3476 adhuc
877 3420 966 3498 agent
983 3414 1200 3495 poenitentiam.
1247 3416 1324 3491 Oui-

199 3539 330 3601 cumque
354 3538 427 3583 vero
451 3539 510 3582 non
535 3522 651 3602 egerint
673 3520 901 3600 poenitentiam,
925 3519 944 3581 ii
969 3526 1000 3581 et
1022 3514 1035 3554 ⁴
1058 3521 1227 3601 patientiam
1249 3538 1323 3601 per-

201 3624 359 3702 diderunt,
383 3632 413 3687 et
436 3626 524 3687 vitam
547 3642 629 3687 suam
652 3625 793 3687 amittent.
840 3623 961 3703 Athis,
992 3625 1042 3704 qui
1066 3625 1199 3707 egerint,
1222 3641 1323 3686 murus

199 3730 343 3811 imprimis
368 3730 466 3812 coepit
489 3747 558 3792 esse
582 3727 671 3792 sedes
695 3747 816 3803 eorum;
848 3726 965 3808 quidam
995 3729 1178 3791 nemetiam
1202 3727 1231 3788 in
1255 3732 1322 3788 tur-

199 3836 257 3898 rim
282 3833 489 3896 ascenderant.
534 3831 626 3895 Vides
642 3834 741 3914 igitar,
765 3833 868 3912 inquit,
892 3832 1119 3914 inpoenitentia
1136 3831 1321 3911 peccantium

199 3939 303 4002 inesse
328 3940 425 4017 vitam,
449 3957 509 4000 non
533 3938 683 4020 agentium
699 3955 774 3998 vero
791 3936 1003 4016 poenitentiam
1020 3941 1143 3998 mortem
1160 3935 1325 4016 paratam!

289 4042 347 4104 vlt.
387 4041 458 4121 ,Do
480 4043 525 4104 his
549 4059 641 4119 vero,
665 4042 715 4121 qui
738 4040 911 4103 semiaridas
935 4042 1035 4122 virgas
1059 4045 1268 4121 porrexerunt,
1292 4045 1322 4101 et

198 4148 349 4212 scissuras
365 4147 544 4224 habuerunt,
562 4146 638 4209 audi.
677 4146 811 4219 anrum
828 4143 1027 4208 tantummodo
1043 4143 1220 4205 semiaridae
1237 4150 1322 4206 erant

199 4254 323 4332 virgae,
348 4251 377 4314 hi
401 4251 480 4314 dubii
504 4257 588 4327 sunt;
612 4270 668 4313 nee
693 4254 770 4314 enim
795 4251 854 4311 vivi
877 4256 955 4327 sunt,
978 4265 1035 4310 nec
1057 4249 1174 4310 mortui.
1219 4249 1259 4311 m
1281 4250 1321 4327 hi,

198 4356 251 4437 qni
274 4355 448 4418 semiaridas
472 4362 501 4417 et
523 4357 669 4419 scissuras
693 4356 837 4418 habentes
853 4353 1043 4432 tradiderant,
1066 4361 1095 4415 et
1113 4352 1192 4417 dubii
1207 4359 1277 4416 sunt
1292 4360 1322 4415 et

197 4459 345 4537 maledici,
368 4459 407 4522 de
431 4461 602 4523 absentibus
626 4460 829 4540 detrahentes,
852 4467 881 4523 et
903 4479 1060 4540 numquam
1076 4461 1153 4522 inter
1167 4480 1201 4522 se
1217 4477 1320 4541 pacem

199 4565 361 4642 habentes,
397 4571 428 4627 et
458 4566 536 4627 inter
558 4583 593 4627 se
615 4567 793 4628 invidentes.
837 4565 874 4628 Et
897 4566 932 4627 iis
955 4564 1074 4646 quidem
1098 4564 1249 4645 proposita
1273 4568 1320 4623 est

198 4671 396 4752 poenitentia3
430 4669 513 4732 vides
545 4671 623 4733 enirn
655 4690 693 4732 ex
717 4671 763 4732 his
786 4670 901 4750 aliquos
924 4672 1089 4751 poenitere.
1135 4668 1318 4746 Quicumque

198 4793 273 4839 vero
297 4794 401 4839 eorum
425 4777 484 4838 cito
509 4782 636 4858 egerunt
652 4776 872 4857 poenitentiam,
896 4775 924 4838 hi
941 4776 969 4836 in
986 4773 1058 4836 turri
1075 4772 1183 4834 habent
1198 4768 1317 4844 sedem3

233 4914 261 4980 1)
281 4912 332 4965 Cfr.
351 4928 426 4979 supra
446 4930 467 4966 e.
490 4914 511 4965 f.
530 4929 556 4980 p.
571 4911 628 4964 400.
648 4921 700 4965 not.
721 4912 744 4963 1.
808 4911 836 4975 3)
856 4910 888 4963 Ut
909 4910 1081 4961 diontanistae.

233 5000 262 5069 2)
280 4999 334 5052 Jae.
354 5000 379 5064 2,
399 5001 422 5049 7.
806 4999 836 5065 4)
855 4995 894 5049 ΑΙ.
910 4997 1104 5068 poeniteutiam.
