3067 6450
387 1178 408 1234 t
426 1177 608 1234 cuasam
628 1179 673 1234 AD
693 1177 767 1233 COR.
787 1180 893 1235 XXXIV.
911 1178 1010 1235 XXXV.
1201 1186 1260 1250 101

140 1345 214 1409 tticit
236 1345 331 1408 enirn:
357 1340 489 1406 ¹oculas
512 1361 576 1404 non
599 1342 691 1417 vidit,
715 1360 773 1403 nec
796 1342 885 1403 narie
908 1342 1042 1419 audiuit,
1068 1363 1125 1406 neo
1147 1347 1181 1406 in
1209 1365 1265 1409 eor

139 1452 272 1515 lerninis
295 1450 450 1526 ascendit,
474 1457 592 1529 quanto
611 1449 819 1528 praeparauit
846 1447 1101 1526 exspectantibus
1124 1468 1199 1510 eum.

138 1640 254 1705 XXXV.
284 1639 436 1702 Immemo
452 1648 499 1702 est
512 1641 591 1702 laec
606 1658 733 1700 merces.
761 1638 922 1712 Quomodo
938 1659 1139 1719 assequemur
1157 1641 1266 1702 illam?

225 1764 321 1838 Quam
345 1762 449 1839 beata,
473 1762 588 1839 dilecti,
619 1768 649 1823 et
672 1763 814 1824 mirabilia
839 1769 907 1824 sunt
929 1762 1006 1825 dorna
1030 1762 1101 1824 Dei!
1147 1764 1212 1825 Vita
1237 1765 1266 1826 in

138 1869 374 1946 immortalitate,
398 1868 542 1949 splendor
565 1869 593 1929 in
615 1868 743 1948 justitia,
776 1868 886 1929 veritas
911 1868 939 1928 in
965 1867 1116 1944 libertate,
1140 1866 1213 1929 fides
1237 1868 1267 1928 in

138 1973 334 2049 confidentia,
370 1956 563 2054 [cooperantia
596 1975 624 2035 in
659 1976 833 2048 sanctitate;
868 1966 1134 2081 ²attanrentlrace
1170 1974 1267 2033 oninia

136 2080 189 2141 sub
226 2077 409 2140 intellectura
442 2084 575 2140 nostrunr
607 2077 722 2140 canunt.
770 2078 922 2151 Quaenam
955 2078 1044 2158 igilur
1074 2082 1159 2154 sunt,
1191 2095 1267 2156 quae

137 2182 382 2264 exspectantibus
405 2199 472 2243 eura
495 2183 737 2264 praeparantur?
776 2183 984 2245 Sanctissinrus
1001 2180 1103 2262 opifex
1128 2187 1157 2241 et
1174 2200 1267 2243 secu-

136 2288 232 2351 lorurn
256 2292 342 2369 pater
364 2285 448 2348 solus
479 2289 671 2367 quantitatem
703 2294 732 2348 et
762 2285 1010 2368 pulchritudinem
1041 2304 1144 2347 eorurn
1176 2285 1267 2348 nituit.

136 2393 198 2456 Nos
215 2393 317 2474 igitur,
340 2397 371 2454 ut
386 2391 601 2472 promissorum
619 2392 764 2453 donorum
782 2393 942 2473 participes
959 2391 1072 2466 suenrus,
1096 2391 1125 2453 ia
1143 2407 1268 2452 nurnero

136 2496 375 2578 exspectantium
397 2513 466 2556 eum
490 2497 626 2578 reperiri,
651 2514 765 2558 surnrno
791 2497 890 2558 studio
914 2495 1136 2557 contendamus.
1179 2494 1266 2567 Ouo-

137 2602 228 2665 raodo
259 2608 358 2662 autern
389 2599 447 2662 hoc
477 2600 545 2678 net,
580 2599 706 2662 dilecti?
762 2601 792 2664 Si
823 2598 909 2662 ³srle
943 2602 971 2661 in
1007 2599 1100 2661 Deum
1135 2598 1268 2680 cognitio

137 2713 241 2772 nostra
265 2705 390 2768 stabilita
415 2704 515 2781 luerit,
539 2707 564 2767 si
588 2713 672 2787 grata
697 2706 735 2767 illi
760 2713 788 2766 et
812 2711 934 2785 accepta
959 2703 1119 2785 diligenter
1141 2703 1267 2783 quaesi·

138 2813 287 2887 cerintus,
325 2811 368 2887 si,
407 2829 485 2891 quae
520 2811 556 2872 ad
591 2810 767 2891 inculpatam
804 2812 869 2891 ejus
905 2808 1086 2871 voluntatem
1122 2813 1268 2889 spectant,

137 2916 311 2990 iecerirnus,
334 2920 364 2975 et
387 2916 464 2976 viam
488 2916 621 2977 veritatis
638 2917 755 2995 sequuti
774 2915 927 2990 luerirnus,
951 2914 1125 2994 abjicientes
1145 2931 1160 2972 a
1178 2911 1267 2973 nobis

138 3038 256 3082 omnem
281 3014 483 3101 *injustitianu
507 3019 697 3098 iniquitatem,
723 3021 884 3095 avaritiam,
906 3020 1125 3092 contentiones
1142 3016 1267 3076 malitias

138 3132 166 3187 et
183 3123 319 3200 trunces,
342 3123 562 3185 susurrationes
579 3129 609 3183 et
625 3123 867 3197 obtrectationes,
886 3122 983 3183 odiurn
1002 3122 1068 3198 Dei,
1087 3121 1268 3199 superbiam,

139 3229 265 3308 iasturn,
294 3226 427 3290 ⁵vananr
456 3228 582 3308 gloriarn
613 3236 642 3290 et
665 3224 971 3308 ⁶inlrospitalitate1n3
1003 3228 1052 3305 qiri
1085 3228 1162 3286 enim
1195 3222 1268 3283 haec

140 3335 270 3412 iaciunt,
302 3333 367 3396 Deo
391 3332 460 3394 outo
485 3340 571 3412 sunl,
604 3327 730 3412 ⁷neqne
755 3331 929 3404 illisolent,
961 3331 1010 3411 (pai
1042 3330 1115 3392 traco
1148 3327 1267 3402 iaciunt,

139 3438 193 3501 sed
217 3444 266 3514 et,
290 3439 340 3519 qui
364 3437 408 3499 eis
432 3439 629 3499 consentiunt.
675 3437 751 3496 Dicit
779 3437 855 3496 enim
880 3435 1047 3514 Scriptura:
1079 3428 1093 3468 ⁸
1106 3430 1268 3509 peccatori

139 3552 240 3606 autern
264 3543 350 3604 elisit
363 3542 468 3604 Deus:
491 3562 586 3621 quone
604 3551 635 3601 tn
652 3559 786 3600 erroneos
801 3541 947 3618 justitias
967 3557 1061 3612 rrreoe,
1087 3545 1116 3596 et
1132 3535 1267 3596 assumis

140 3657 353 3712 testamentum
376 3668 472 3710 aueum
491 3667 550 3726 per
573 3668 608 3709 os
631 3649 740 3707 trauan?
788 3646 831 3704 Tu
848 3644 927 3704 ortior
942 3642 1038 3703 odisti
1055 3639 1266 3718 disciplinam,

140 3762 168 3816 et
190 3748 386 3833 ⁹projecisti
407 3771 564 3815 sermones
594 3772 679 3815 meos
710 3759 887 3812 retrorsum.
933 3748 967 3808 Si
994 3746 1125 3809 oislebos
1154 3742 1267 3821 furem,

139 3858 290 3922 currebas
314 3853 418 3919 '⁰cunr
439 3878 486 3933 co,
511 3866 541 3918 et
561 3877 627 3918 curn
648 3858 801 3918 adulteris
819 3854 993 3933 portionem
1016 3859 1099 3910 taurum
1116 3848 1267 3927 ponebas.

144 3964 295 4026 Ostama
319 3960 491 4024 abundauit
513 3962 644 4037 entitlitiu,
668 3972 697 4022 et
721 3963 827 4040 liupana
853 3968 905 4019 tua
928 3954 1140 4019 concinnabat
1165 3954 1267 4015 tloloe.

142 4069 262 4131 Sedens
286 4067 439 4129 adver-sus
461 4066 595 4144 [rotroni
613 4075 697 4127 tenura
717 4064 907 4145 loquebaris,
932 4071 960 4123 et
978 4062 1046 4140 filio
1063 4059 1172 4119 ueretris
1196 4064 1268 4126 tuoe

178 4241 206 4305 5)
228 4236 340 4304 Conjicit
352 4236 456 4300 Birria,
476 4235 501 4287 S.
515 4235 614 4287 Patrem
627 4238 691 4287 scri·
720 4235 873 4290 κυιῖοκοῡνυς
887 4239 935 4288 τοῖς
948 4229 1097 4295 πράσσουσιν.
1126 4227 1195 4278 llanc
1211 4244 1268 4280 esse

145 4330 224 4393 puisse
247 4322 413 4384 κωνοδοξὰιν,
438 4332 464 4376 et
480 4341 610 4376 novorum
629 4328 690 4388 opi·
720 4322 997 4388 veramargenuinam
1013 4316 1268 4381 lectionem‚optimo

146 4420 254 4468 stonum
289 4414 409 4466 studium
444 4419 532 4462 notare
572 4411 691 4461 noluisse.
716 4411 775 4474 jure
795 4409 924 4459 contendit
943 4404 1041 4454 tttttrus.
1075 4407 1163 4451 lt'orr.

147 4505 222 4551 liner.
757 4497 786 4557 8)
807 4494 845 4545 l's.
864 4493 906 4555 49,
931 4489 1040 4541 16-23.

176 4589 205 4651 6)
225 4584 368 4637 ltuWorr.
400 4583 600 4646 mormanno,
618 4582 692 4632 male.
755 4583 783 4646 9)
804 4581 847 4632 tls.
868 4578 996 4640 ὶξιὲβηλλες.
1030 4576 1173 4638 ll'ottonus,
1192 4571 1269 4622 Nolle

149 4672 293 4730 narratur
311 4675 370 4724 les.
389 4680 416 4722 et
433 4675 511 4722 Fern.
546 4667 693 4727 Φιλοδοξίαν
721 4669 822 4720 etalii:
842 4666 967 4728 issis‘flullee·

148 4756 216 4812 Xan.
243 4755 402 4807 'ssdoarrtur
420 4761 514 4810 Corsa..
535 4766 561 4810 et
579 4756 628 4808 alii.
741 4757 784 4820 l0)
810 4755 953 4807 Pronomen
979 4751 1028 4801 hoc
1056 4755 1136 4799 exstat
1163 4748 1187 4797 io
1214 4742 1268 4806 tta,

178 4849 206 4911 7)
232 4843 272 4896 Ex
295 4844 346 4896 hoo
369 4843 429 4896 loco
454 4854 570 4897 constare
598 4852 693 4911 potest,
721 4846 756 4894 uti
783 4843 874 4893 llillius
896 4842 949 4906 jann
974 4837 1067 4888 dudum
1092 4840 1197 4885 testatas
1222 4838 1269 4881 est.

150 4931 303 4985 Clementem
329 4931 422 4999 legisse
446 4931 518 4982 Rom.
541 4931 637 4996 1‚32:
666 4928 694 4979 οὐ
721 4935 865 4981 lat-numa.

150 5018 220 5080 μόνον
239 5017 268 5068 δὲ
286 5017 309 5068 oi
328 5021 452 5074 ποιοῦντες
469 5013 527 5065 itti
545 5021 583 5066 aori
599 5015 622 5066 oi
635 5034 693 5066 our-

1285 5145 1388 5313 Ι
