3067 6450
345 1159 371 1215 S.
390 1156 574 1214 Pocrcaurt
592 1158 749 1213 srtsrotn
769 1160 813 1213 ab
834 1159 1072 1215 ssutrrsnsss.
1092 1162 1122 1217 V.
1141 1162 1184 1218 Vl.
1266 1167 1331 1232 263

201 1321 343 1385 mandato
367 1339 403 1384 ac
426 1321 578 1385 voluntate
602 1323 667 1404 ejus
690 1322 850 1386 ambulare.
897 1322 1035 1387 Similiter
1058 1325 1174 1387 diaconi
1197 1325 1225 1387 in
1250 1344 1328 1388 con·

201 1434 308 1510 spectu
335 1428 468 1509 justitiae
500 1428 566 1508 ejus
596 1428 733 1511 inculpati
765 1446 835 1490 esse
865 1426 992 1506 debent,
1026 1428 1103 1491 sicut
1130 1430 1253 1492 ministri
1277 1431 1333 1493 Dei

211 1530 260 1594 ¹et
277 1530 395 1610 Christi,
418 1550 479 1595 non
495 1529 664 1609 hominum;
688 1551 727 1595 ne
748 1533 978 1597 calumniatores
994 1533 1061 1611 sint,
1086 1552 1124 1596 ne
1147 1531 1331 1618 ²bilingues,
1445 1593 1449 1607 ‚

202 1656 262 1700 nec
285 1637 382 1715 avari,
417 1636 471 1698 sed
502 1638 690 1699 continentes
722 1639 750 1700 in
781 1640 936 1716 omnibus,
968 1638 1195 1719 misericordes,
1227 1639 1342 1718 seduli,-

202 1742 380 1805 incedcntes
399 1745 485 1825 juxta
509 1743 664 1804 veritatem
681 1743 808 1822 Domini,
832 1745 882 1824 qui
906 1744 1034 1806 omnium
1058 1741 1217 1807 ³minister
1237 1744 1332 1807 lactus

202 1855 270 1924 est;
303 1847 350 1910 cui
374 1849 399 1909 si
424 1849 453 1910 in
476 1848 534 1912 boc
557 1848 660 1911 seculo
684 1848 901 1930 placuerimus,
934 1849 1112 1929 recipiemus
1140 1856 1169 1910 et
1192 1848 1331 1930 laturum,

203 1951 451 2034 quemadmodum
485 1953 632 2035 pollicitus
668 1961 714 2016 est
750 1953 854 2031 nobis,
891 1951 970 2034 quod
1006 1952 1194 2014 resuscitabit
1226 1971 1282 2015 nos
1314 1971 1332 2015 e

202 2058 338 2135 morluiS,
356 2057 505 2138 quodque,
525 2059 549 2120 si
567 2054 682 2140 ⁴digne
702 2060 766 2139 ipso
783 2061 926 2136 vivamus,
947 2055 1062 2118 ⁵etiom
1080 2077 1147 2119 cum
1162 2075 1198 2118 eo
1215 2076 1330 2137 repns-

203 2161 315 2237 bimas,
339 2162 483 2242 siquidem
508 2160 664 2224 credimus.
707 2163 800 2228 Simili
824 2164 913 2227 modo
938 2172 967 2226 ct
986 2165 1116 2246 juvenes
1139 2164 1168 2226 in
1192 2163 1329 2226 omnibus

202 2266 399 2350 inculpabiles
422 2270 490 2347 sint,
515 2276 583 2330 ante
607 2271 704 2331 omnia
728 2271 843 2333 solliciti
868 2269 905 2330 de
929 2271 1072 2347 castitate,
1096 2287 1131 2330 ac
1146 2286 1181 2330 se
1197 2269 1232 2328 ab
1250 2267 1330 2329 omni

203 2373 282 2436 malo
305 2372 504 2435 refrenantes.
550 2372 663 2436 Ronum
694 2375 771 2437 enim
802 2381 865 2455 est,
898 2370 1059 2437 ⁶abscindi
1083 2393 1099 2436 a
1122 2370 1331 2455 cupiditatibus

206 2473 317 2563 ⁷bujus
336 2479 446 2558 mundi,
469 2480 537 2561 quia
559 2482 654 2544 omnis
677 2475 863 2561 ⁸cupiditos
880 2480 994 2541 militat
1009 2479 1163 2541 aduersus
1177 2477 1330 2558 spiritam,

202 2591 234 2648 et
257 2579 379 2664 ⁹ncqars
399 2582 587 2663 fornicarii,
619 2605 717 2665 neque
739 2586 867 2662 molles,
900 2604 997 2665 neque
1021 2582 1230 2646 masculorum
1253 2602 1330 2646 con-

203 2689 360 2752 cubitores
382 2708 510 2770 rapacum
533 2689 593 2751 Dei
614 2690 840 2770 possidebunt,
875 2708 973 2770 noque
1004 2689 1053 2769 qui
1077 2687 1187 2751 absona
1212 2686 1330 2752 iaciunt.

203 2795 306 2869 Quare
328 2801 447 2876 oportet
469 2794 505 2855 ab
529 2794 574 2856 bis
599 2796 735 2858 omnibus
759 2796 926 2873 abstinere,
953 2789 977 2830 ¹⁰
989 2794 1095 2875 subjici
1119 2800 1215 2856 autem
1239 2812 1330 2875 pres-

202 2900 320 2983 byteris
352 2907 381 2962 et
410 2899 561 2979 diaconis,
595 2907 732 2983 tanquam
762 2901 828 2963 Deo
862 2906 891 2962 et
924 2899 1057 2975 Cbrislo;
1093 2899 1224 2982 virgines
1257 2917 1330 2962 vero

203 3010 326 3088 oportet
349 3006 378 3068 in
402 3004 585 3068 immaculata
609 3012 639 3067 ct
662 3012 741 3068 casta
765 3005 948 3068 conscientia
972 3004 1094 3087 degere.

334 3198 380 3261 vl.
428 3194 542 3279 Officio
563 3197 815 3281 presbyterorum
839 3204 868 3258 et
891 3195 998 3277 officio
1021 3192 1203 3257 communio.

293 3320 330 3383 Et
353 3322 518 3404 presbyteri
541 3322 600 3383 sint
623 3320 659 3384 ad
683 3320 972 3385 commiserationem
996 3317 1094 3399 proni,
1121 3312 1331 3376 misericordes

202 3443 277 3507 erga
301 3432 444 3503 cunctos,
469 3426 636 3488 aberrantia
661 3426 859 3503 reducentes,
883 3424 1037 3486 visitantes
1060 3420 1192 3483 infirmos
1216 3435 1332 3496 omnes,

200 3547 264 3592 non
300 3531 489 3614 negligentes
526 3530 661 3610 viduam,
697 3537 747 3593 aut
780 3530 941 3611 pupillum,
976 3534 1027 3589 aut
1058 3543 1236 3608 pauperem3
1276 3522 1331 3585 sed

205 3633 226 3672 ¹¹
241 3636 372 3697 solliciti
387 3655 508 3715 semper
525 3636 564 3696 de
584 3634 666 3698 bono
685 3655 794 3699 corona
810 3634 877 3697 Deo
893 3642 922 3695 et
936 3630 1125 3707 bominibus,
1150 3629 1333 3691 abstinentes

201 3741 240 3804 ab
264 3742 344 3804 omni
368 3742 420 3820 ira,
444 3742 618 3824 acceptione
642 3759 853 3824 personarum,
872 3738 985 3822 judicio
1010 3738 1119 3820 injusto
1128 3754 1137 3811 ;
1162 3733 1254 3816 longe
1276 3749 1331 3794 re·

202 3844 347 3908 cedentes
371 3847 407 3907 ab
431 3845 510 3910 omni
534 3846 673 3923 avaritia;
699 3865 759 3909 non
776 3847 835 3907 cito
852 3844 1011 3907 credentes
1027 3841 1171 3906 adversus
1188 3838 1315 3919 aliquem
1322 3857 1332 3914 ;

203 3969 265 4013 non
295 3952 395 4013 severi
422 3950 542 4013 nimium
574 3952 601 4012 in
627 3951 761 4033 judicio,
795 3950 943 4025 scientes,
972 3967 1027 4012 nos
1052 3962 1155 4010 omnes
1180 3943 1333 4006 debitores

202 4073 273 4118 esse
296 4056 419 4138 peccati.
463 4052 487 4092 ¹²
497 4054 528 4118 si
545 4070 620 4136 ergo
638 4053 835 4137 deprecamur
850 4054 1017 4130 Dominum,
1041 4058 1071 4113 ut
1091 4048 1177 4112 nobis
1200 4047 1332 4125 dimittat,

202 4159 349 4223 debemus
381 4166 411 4222 et
442 4177 498 4223 nos
530 4159 693 4238 dimittere3
724 4178 790 4221 narn
825 4178 926 4222 coram
949 4157 1066 4220 Domini
1100 4162 1130 4217 et
1152 4153 1208 4215 Dei
1239 4151 1334 4214 o'c‘ulis

202 4285 316 4346 sumus,
339 4272 369 4329 ct
388 4262 412 4303 ¹³
425 4285 529 4329 omnes
545 4275 616 4329 onte
637 4266 777 4328 tribunal
794 4263 913 4326 Christi
929 4270 1026 4341 stare,
1047 4268 1077 4322 et
1091 4275 1333 4340 unumquemque

202 4401 319 4467 λεύσομεν
338 4420 393 4455 cum
413 4404 499 4470 codd,
519 4418 568 4455 non
581 4400 758 4469 βασιλεύσωμεν
820 4403 849 4466 9)
868 4400 877 4451 l
897 4397 955 4450 Cor.
974 4398 1000 4464 6,
1021 4398 1045 4449 9.
1068 4398 1108 4447 10.

204 4507 263 4543 cum
283 4490 353 4543 libris
373 4492 510 4559 impressis.
538 4494 680 4542 Jacnsson.
805 4487 849 4554 10)
868 4485 1022 4553 Polycarpus
1052 4484 1165 4552 episcopi
1194 4497 1244 4533 uon
1275 4479 1338 4531 lacit

241 4578 269 4644 6)
289 4578 325 4629 lta
343 4578 500 4630 Jacobsonus
525 4594 557 4629 ex
579 4577 656 4628 tribus
682 4576 757 4629 codd.
786 4576 957 4639 mentionem,
984 4574 1079 4643 quippe
1101 4574 1157 4639 qui,
1183 4567 1336 4621 uerecundia

203 4674 232 4719 et
259 4673 312 4719 vet.
339 4665 490 4734 interprete.
533 4664 598 4720 llals
627 4663 668 4715 alii
696 4658 758 4713 aira-
785 4656 1239 4729 impcditus,eumnolletcobortari.
1271 4652 1336 4704 Vide

203 4750 341 4802 ’τύπτεσθαι
358 4772 393 4800 =
411 4769 549 4822 emerem.
787 4752 878 4811 statne,
898 4752 958 4818 Ans.
977 4763 1001 4814 p.
1021 4746 1071 4797 tos
1089 4762 1127 4813 sq.

240 4840 270 4907 7)
290 4839 392 4891 Addidit
403 4838 563 4892 Jacobsonue
582 4841 631 4888 τῶν
650 4854 682 4890 ex
702 4838 758 4892 cod.
806 4835 850 4900 ll)
868 4834 941 4888 llom.
964 4834 1005 4898 12,
1026 4833 1066 4883 17.
1090 4830 1111 4883 ll
1131 4830 1187 4883 Cor.
1206 4827 1232 4894 8,
1250 4825 1292 4878 tt.

203 4926 284 4980 liatic.
807 4921 1000 4989 12)dlttltb.6,
1021 4920 1060 4973 12.
1083 4918 1122 4971 ll.
1234 4960 1238 4964 .

240 5013 268 5065 st
289 5011 384 5067 ll'otr.
403 5012 429 5078 2,
452 5011 492 5064 ll.
807 5010 943 5077 lapiton.
965 5007 1006 5073 14,
1027 5007 1067 5060 10.
1088 5005 1128 5057 12.

1256 5069 1434 5311 Γ.
