3067 6450
196 1188 226 1245 s.
244 1185 449 1259 muninus]
631 1188 886 1249 suousoousnn.
1266 1198 1322 1257 m

197 1350 410 1432 assignantur..
437 1349 498 1415 Sed
523 1352 574 1415 uix
597 1350 726 1430 credam,
748 1350 909 1418 Eusebium
932 1354 972 1433 id,
997 1354 1183 1421 documentis
1207 1356 1320 1436 tultum,

196 1455 365 1536 scripsisse.
410 1456 552 1519 Fortasse
575 1475 629 1537 per
654 1455 840 1518 traditionem
865 1457 918 1538 ipsi
942 1460 1130 1539 innotuerat,
1163 1459 1267 1524 Linum
1291 1468 1321 1525 ot

198 1559 396 1623 Aneucletum
421 1558 459 1624 12
476 1564 572 1622 annos
588 1559 750 1623 Romanam
769 1561 886 1623 rexisse
903 1564 1069 1627 ecclesium.
1109 1564 1204 1638 Quum
1221 1572 1320 1629 eutem

197 1664 294 1745 ipsum
316 1663 438 1742 lateret,
460 1664 529 1729 illos
552 1665 746 1745 coujunctos,
770 1682 921 1742 numum,
945 1667 1067 1731 uiuente
1091 1669 1195 1732 adbuc
1217 1668 1318 1746 Petro,

195 1768 399 1850 gubernacula
423 1769 572 1844 tenuisse;
602 1768 675 1833 lieri-
688 1774 825 1849 poterat,
856 1775 905 1848 ut,
935 1769 1103 1856 catalogum
1126 1772 1320 1837 irenaei-re-

195 1874 345 1954 spiciens,
372 1891 486 1938 summa
509 1873 614 1938 fiducia
638 1891 720 1937 suam
745 1874 832 1935 nobis
855 1881 1039 1954 proponeret
1061 1878 1319 1957 computationem.

283 1976 312 2042 5.
345 1978 409 2043 Nec
432 1980 469 2041 de
485 1976 640 2059 Epipbuuii
660 1979 834 2060 conjecture
856 1985 1015 2058 teceamus,
1038 1982 1089 2061 qui
1106 1981 1117 2042 l
1133 1981 1223 2046 Clem.
1240 1982 1320 2048 obl

196 2083 273 2145 mele
296 2083 519 2164 interpretatus,
542 2081 739 2161 Clementem,
764 2101 781 2145 a
803 2082 892 2146 Petro
916 2083 1100 2162 ordinatum,
1125 2086 1206 2166 pacis
1229 2105 1319 2152 cause

196 2189 326 2251 cessisse
349 2186 423 2251 Lino
446 2193 594 2263 autumot;
626 2186 700 2250 Lino
730 2193 828 2251 mutem
858 2189 1046 2252 successisse
1068 2190 1200 2270 cletum,
1235 2191 1318 2257 Cleto

197 2292 379 2356 Clementem
401 2297 533 2355 resumto
556 2290 743 2373 pontificatu,
774 2292 932 2355 arbitratur
952 2288 989 2375 ¹).
1034 2294 1098 2358 llos
1121 2294 1197 2357 bano
1220 2313 1319 2377 quae-

194 2398 323 2461 stionem
346 2396 451 2458 iterum
474 2394 680 2480 adtingemus,
714 2393 751 2456 de
776 2402 929 2477 tempore,
961 2417 1020 2479 quo
1043 2400 1136 2480 prima
1160 2400 1318 2465 Clementis

195 2500 321 2584 epistole
343 2501 462 2581 scripta.
478 2499 576 2578 luerit,
600 2500 783 2580 disputantes
806 2497 902 2582 (inira
926 2520 953 2565 n.
978 2500 1081 2585 vni).

280 2605 346 2670 lam
370 2603 408 2667 do
429 2612 527 2667 morie
550 2603 710 2667 Clementis
740 2604 831 2666 uerba
862 2604 1012 2669 iaciemus.
1059 2606 1207 2672 Eusebius
1237 2627 1317 2673 cou-

195 2708 297 2788 tendit,
315 2709 496 2777 Clementem
513 2727 623 2772 nouem
638 2726 733 2772 eunus
750 2726 874 2773 munere
890 2710 1053 2792 episcopali
1069 2712 1210 2791 iunctum,
1230 2714 1317 2777 tertio

194 2813 314 2896 Trajaui
337 2831 416 2877 suno
439 2809 520 2896 (tol
538 2831 567 2894 p.
584 2809 656 2895 Cb.)
681 2818 806 2876 mortem
830 2812 950 2876 obiisse.
990 2814 1092 2878 Adeo
1108 2824 1216 2894 autem,
1240 2835 1317 2898 quae

193 2916 452 2999 supradiximus,
483 2923 514 2980 ct
535 2916 612 2979 inira
636 2917 787 2993 dicemus,
821 2916 1026 2998 attendentes,
1058 2939 1168 2983 nouem
1197 2919 1316 3001 quidem

193 3021 347 3104 regiminis
379 3039 473 3084 sonos
503 3020 646 3084 Clementi
677 3022 831 3084 tribuimus
863 3021 918 3106 (A.
941 3021 1091 3107 tis-tt)
1115 3045 1180 3088 cum
1205 3024 1316 3106 Coveo,

194 3126 362 3205 Dolwello‚
385 3126 504 3189 Eleurio
528 3134 557 3188 et
580 3127 664 3203 eliis;
688 3147 755 3190 cum
780 3133 878 3189 autem
897 3117 966 3209 jam
981 3129 1036 3193 sub
1053 3130 1238 3212 Vespasiano
1257 3129 1316 3193 (le-

194 3233 326 3296 lunctum
349 3249 419 3294 esse
441 3237 586 3314 putamus.
632 3232 689 3306 Qui
717 3251 791 3296 vero
814 3231 944 3297 Eusebio
975 3233 1062 3298 iidem
1092 3236 1205 3298 babere
1235 3236 1315 3315 uelit,

192 3355 259 3400 cum
281 3337 347 3417 ipso
378 3334 481 3398 credat
510 3342 645 3418 oportet,
678 3336 941 3417 omnitempore,
974 3334 1222 3427 n.1017153,
1255 3356 1316 3402 nou

165 3442 289 3504 minus
313 3458 400 3521 quum
423 3446 538 3521 septem
562 3459 617 3502 seu
640 3446 709 3503 octo
733 3440 888 3521 pontifices
907 3439 1010 3502 sedem
1026 3439 1187 3504 llomeuam
1203 3459 1314 3504 oscen·

192 3545 289 3623 disse,
324 3543 458 3625 quamuis
489 3562 548 3608 una
579 3549 690 3605 tantum
720 3543 891 3624 persecutio
923 3543 982 3607 hoc
1014 3546 1155 3626 temporis
1189 3546 1315 3628 spolium

191 3649 405 3730 perturbasset

280 3752 427 3817 Eusebius
451 3758 481 3815 et
495 3751 693 3834 Hieronymus
717 3748 754 3834 (l.
772 3751 790 3814 l.
807 3768 832 3814 c.
850 3747 896 3832 c.)
918 3757 1042 3815 mortem
1060 3752 1218 3816 Clementis
1235 3754 1316 3818 nulla

192 3857 231 3921 de
253 3858 397 3940 martyrio
420 3856 728 3948 mentiooeinstitutu
751 3863 992 3921 commemorant.
1030 3858 1172 3924 lrenaeus
1195 3878 1316 3942 quoque

191 3958 259 4045 (111,
269 3958 329 4046 3.),
345 3961 503 4026 Pontifices
519 3979 615 4041 usque
630 3960 667 4023 ad
678 3959 881 4023 Eleutherium
896 3979 1070 4041 recensens,
1086 3981 1191 4028 eorum
1206 3981 1315 4043 quem-

191 4085 279 4147 quam
311 4066 481 4148 mmtyrium
512 4083 631 4145 passum
663 4072 784 4146 praeter
806 4065 1020 4146 Telesphorum
1051 4066 1129 4129 baud
1160 4068 1315 4150 significet.

191 4170 348 4234 Alluliuo
372 4187 447 4233 vero
471 4176 500 4231 et
522 4170 641 4231 Zosimo
666 4169 803 4232 Clemens
826 4176 931 4232 noster
960 4176 1070 4251 martyr
1094 4171 1258 4252 appelletur
1273 4168 1315 4254 ²).

280 4274 327 4337 Ex
341 4272 425 4337 Actis
446 4274 587 4357 martyrii,
611 4275 677 4336 sine
698 4272 788 4336 dubio
808 4273 1012 4355 supposititiis,
1036 4272 1200 4354 Lumperus
1217 4274 1316 4339 bisto-

190 4378 266 4441 riam
288 4378 423 4460 martyrii
445 4378 474 4444 S.
500 4375 660 4439 Clementis
689 4375 734 4438 bis
766 4377 867 4439 verbis
898 4375 1008 4439 relert:
1047 4377 1267 4458 ,Clemeniom,
1298 4397 1315 4442 a

190 4482 384 4559 Mamertino,
408 4481 489 4544 urbis
512 4481 685 4563 praelecto,
707 4480 777 4544 odei
801 4499 890 4544 ceusu
913 4486 1093 4559 accusatum,
1116 4481 1261 4563 Trajanus
1283 4483 1316 4546 in
1344 4552 1346 4556 Α

190 4586 415 4649 Chersonesum
438 4586 514 4648 ultre
537 4586 661 4649 Pontum
676 4584 824 4647 Euxinum
848 4583 1002 4668 relegavit.
1039 4585 1154 4648 invenit
1176 4606 1252 4651 vero
1275 4586 1316 4649 rbi

190 4690 269 4753 ultra
291 4690 351 4754 duo
375 4690 463 4752 millia
487 4689 736 4768 Christianorum,
766 4691 827 4771 jam
852 4688 902 4751 diu
932 4688 969 4751 ud
992 4688 1139 4753 caedendi
1160 4689 1315 4753 marmoris

190 4812 269 4877 opus
291 4795 503 4858 damnatorum.
542 4793 621 4857 luter
643 4795 771 4860 maxima
793 4801 893 4856 auteur
917 4794 1022 4858 borum
1045 4794 1174 4858 fidelium
1197 4796 1316 4856 iucom-

227 4931 257 4999 1)
274 4929 380 4983 llacrcs.
399 4928 498 4996 xxvii,
516 4945 542 4983 n.
561 4931 585 4982 o.
803 4930 833 4999 ²)
851 4932 981 4999 Eunu,
1016 4930 1121 4984 historia
1151 4928 1314 4996 theologico-

770 5018 866 5083 muca,
885 5016 913 5072 t.
932 5016 951 5072 1.
969 5031 994 5085 p.
1013 5016 1055 5073 to.
