3067 6450
341 1216 479 1271 anubab
497 1217 631 1272 PASTOR.
667 1218 763 1273 tinnit
782 1219 813 1273 11.
849 1219 995 1275 adnutu.
1016 1224 1047 1276 V.
1194 1227 1257 1293 353

133 1373 185 1439 καὶ
206 1366 335 1440 πάντων
348 1383 412 1440 τῶν
426 1378 572 1464 πονῃριόν
586 1373 683 1466 ἐρχοιν
710 1399 834 1462 operum
850 1383 1100 1464 nequissimorum
1118 1385 1259 1451 domina-

131 1473 403 1568 κιπακυριεύσεις,
419 1483 474 1548 καὶ
488 1481 603 1571 ἐρχάσῃ
620 1483 684 1547 ποῐ-
711 1486 802 1564 beris,
827 1494 857 1549 et
880 1490 1053 1569 operaberis
1069 1509 1188 1554 omnem
1201 1494 1257 1574 ju-

132 1610 191 1653 σσν
236 1579 443 1673 δικαιοσύνην.
512 1580 580 1653 baa
624 1583 684 1676 χοὶρ
710 1591 828 1653 stitiam.
874 1591 987 1666 Quodsi
1015 1596 1129 1675 patiens
1154 1594 1256 1674 fueris,

87 1702 90 1707 ’
130 1684 346 1778 μαιιρόθιμος
382 1689 453 1779 ἔσῃ,
491 1686 530 1758 τό
562 1694 686 1775 πνεῦμα
711 1694 839 1775 Spiritus
862 1702 993 1777 sanctus,
1021 1700 1070 1780 qui
1093 1700 1256 1762 habitatin

132 1792 172 1862 ro*
196 1796 296 1881 ἅγιον,
318 1804 485 1862 κοιτοικοῖν
503 1794 534 1863 ἐν
549 1794 610 1875 σο),
631 1822 684 1862 aa·
711 1805 750 1877 te,
775 1802 902 1866 mundus
926 1804 992 1883 erit,
1016 1810 1046 1864 et
1067 1822 1128 1867 nun
1144 1806 1258 1867 obscu-

130 1899 240 1989 θορόν
271 1898 376 1978 ἔσται,
404 1898 448 1987 μή
476 1894 686 1983 σκοτούμενον
711 1904 823 1967 rabitur
835 1906 871 1968 ab
884 1906 984 1988 aliquo
998 1908 1180 1989 nequissimo
1193 1909 1259 1989 spi-

133 2002 202 2070 dard
237 2006 380 2092 πονηροῦ
413 1998 608 2088 πνεύματος,
641 2003 685 2093 μή
710 2008 786 2083 ritu;
808 2010 863 2070 sed
879 2011 1014 2092 gaudens
1030 2011 1209 2090 dilatabitur,
1230 2017 1260 2074 et

127 2102 305 2193 μιοὺμενον
334 2110 369 2196 [t.
392 2102 590 2197 μειούμενον]
619 2103 685 2175 dard
712 2111 880 2192 epulabitur
895 2115 924 2176 in
941 2133 1025 2193 vase,
1048 2116 1079 2176 iu
1095 2133 1155 2196 quo
1171 2115 1259 2178 inba-

126 2217 187 2302 τῆς
212 2212 390 2296 ὀξιιχολιίις.
408 2262 415 2277 .
431 2262 462 2277 ..
712 2217 792 2296 bitat,
817 2225 848 2280 et
864 2220 1018 2300 apparebit
1036 2220 1164 2283 Domino
1181 2218 1259 2281 bila-

711 2323 753 2383 ris
765 2323 795 2384 in
809 2340 884 2403 pace
897 2342 1003 2407 magna
1019 2322 1035 2386 ¹.
1070 2324 1183 2399 Quodsi
1196 2325 1261 2388 ira·

711 2426 818 2488 cundia
834 2428 932 2509 aliqua
944 2430 1164 2511 supervenerit,
1181 2446 1260 2492 cou-

712 2531 794 2593 tinuo
811 2531 937 2613 Spiritus
958 2542 1089 2612 sanctus,
1113 2534 1163 2615 qui
1184 2534 1260 2595 inte

711 2642 767 2712 est,
779 2637 1004 2719 angustiabitur,
1022 2637 1259 2719 etquaeretdis·

710 2737 830 2801 cedere.
861 2740 1030 2805 Suiiocutur
1053 2744 1130 2806 enim
1154 2761 1170 2805 a
1191 2744 1258 2824 spi-

709 2843 765 2905 ritu
798 2845 997 2925 nequissimo,
1027 2853 1057 2911 et
1085 2867 1145 2911 non
1170 2848 1282 2911 babet·

711 2947 808 3010 locum
824 2950 996 3030 apparendi,
1012 2952 1088 3014 sicut
1103 2951 1184 3027 vuit3
1201 2951 1258 3012 tri·

177 3042 363 3139 Ἀμφότεροι
385 3038 440 3114 οὖν
462 3042 504 3114 τοὶ
521 3041 687 3130 πνεύματα
712 3051 829 3115 butatur
843 3056 920 3116 enim
937 3055 973 3116 ab
989 3043 1155 3118 iracundias
1175 3054 1259 3115 Utri·

134 3147 326 3245 dmipupopu'v
347 3153 434 3220 ἐστιν
456 3151 488 3219 ἐν
505 3149 614 3237 ταύτῷ
629 3176 684 3217 κοι-
713 3172 773 3235 que
796 3173 872 3239 ergo
894 3158 1014 3239 spiritus
1037 3177 1126 3240 quum
1149 3158 1261 3239 pariter

136 3267 261 3327 τοικεῖν.
292 3252 361 3324 bob
381 3259 442 3348 γάρ
463 3255 568 3339 λαβών
587 3254 686 3345 α’ψιν-
713 3259 883 3339 inhabitant,
907 3264 1108 3342 pemiciosnm
1131 3270 1177 3325 est
1201 3261 1259 3323 bu-

136 3366 217 3432 biuu
236 3360 362 3452 μικρὸν,
388 3361 434 3439 εἰς
457 3355 608 3451 κεράμιον
628 3360 684 3444 μέ-
713 3365 792 3425 mini.
827 3366 857 3428 si
881 3367 947 3448 quis
963 3367 1040 3430 enim
1057 3374 1186 3430 assumat
1202 3366 1259 3428 ab·

136 3471 221 3546 λιτος
253 3467 399 3555 ἐπιχέῃς,
434 3463 506 3549 οὐχὶ
541 3462 616 3532 ὅλον
645 3461 685 3531 ad
711 3467 812 3529 sintbii
846 3471 998 3550 pusillum,
1038 3478 1068 3534 et
1105 3473 1197 3534 mittat
1229 3472 1258 3534 in

134 3574 203 3653 με’λλ
225 3568 439 3664 ἀφανίζεται,
460 3568 512 3636 κοιλ
531 3572 685 3636 τοσοῦτον
712 3572 883 3655 amphoram
907 3575 1018 3651 maitis3
1041 3593 1142 3639 nonne
1165 3580 1257 3638 tutum

132 3678 204 3758 μέλι
230 3671 296 3744 ὑπὸ
318 3684 377 3743 τοῦ
398 3673 567 3758 ἐλαχίστου
581 3668 682 3763 α’ψιν-
712 3676 770 3738 mei
787 3681 1057 3744 exterminabitur?
1088 3680 1125 3742 Et
1147 3686 1258 3742 tautum

132 3783 216 3849 aton
239 3774 443 3849 ἀπόλλυται.
460 3827 492 3844 ..
712 3763 1259 3864 meliisamodicuabsintbio'disperit,

713 3891 742 3948 et
763 3886 861 3966 perdit
884 3886 1071 3952 dulcedinem
1095 3886 1206 3962 mellis3
1230 3891 1260 3948 et

707 3991 769 4071 jam
784 4009 845 4054 nou
861 3991 949 4055 babet
964 3992 1088 4078 gratiam
1104 3988 1184 4072 apud
1200 3987 1260 4052 do·

711 4096 820 4159 minum
832 4114 928 4176 auum,
945 4098 1085 4177 quoniam
1096 4101 1189 4158 tutum
1202 4091 1259 4156 mel

711 4217 843 4262 amarum
860 4200 969 4263 iactum
986 4207 1033 4262 est
1047 4205 1076 4262 et
1088 4217 1173 4262 uuum
1184 4216 1258 4280 per-

177 4297 248 4369 Έιίν
266 4301 304 4368 δὲ
318 4300 366 4377 εἷς
380 4297 420 4368 τό
434 4299 510 4383 μέλι
525 4298 563 4367 οὐ
576 4301 686 4388 βλῃθῃ
713 4302 793 4365 didit.
824 4302 884 4366 Sed
906 4304 933 4365 ai
955 4304 985 4367 iu
1009 4303 1065 4367 mai
1080 4320 1141 4366 non
1157 4304 1258 4364 mitta-

136 4405 173 4472 rd
195 4402 372 4493 ᾰψίνθιον,
393 4402 485 4491 χλσιο)
506 4397 687 4493 eripiamur
714 4413 762 4469 tur
777 4406 964 4486 absinthium,
987 4407 1074 4471 dulce
1094 4406 1160 4483 erit,
1185 4405 1259 4466 etin

137 4509 173 4575 τό
194 4508 282 4592 μέλι,
302 4508 355 4576 καὶ
372 4501 545 4599 εὔχρηστον
558 4507 689 4582 πάντως
714 4528 772 4573 usu
803 4510 922 4574 dominu
952 4530 1016 4574 suo.
1062 4509 1137 4571 Vide
1171 4508 1260 4583 enirn,
1382 4581 1387 4596 Ι

137 4614 259 4700 γίνεται
296 4615 343 4699 τῴ
379 4606 528 4701 δεσπότῃ
579 4611 689 4678 Βλέπο
715 4611 828 4696 ²quam
851 4617 887 4679 sit
909 4615 1123 4696 aequanimitas
1147 4609 1262 4672 dulcior

139 4709 203 4799 οὖν,
219 4713 299 4786 λὸτι
314 4711 335 4808 ἦ
349 4716 563 4808 μακροθυμία
576 4717 684 4805 χλυκο-
714 4719 812 4799 mette,
836 4726 866 4782 et
888 4719 967 4782 utilis
983 4719 1041 4781 erit
1057 4715 1188 4792 domiuo,
1211 4713 1261 4794 qui

170 4877 201 4938 1)
227 4874 268 4927 Ex
296 4875 335 4926 bia
360 4875 538 4945 coaequum,
567 4871 685 4939 Spiritum
712 4877 793 4928 Cim
812 4876 904 4940 Ata,
931 4883 1057 4938 uppremo
1075 4867 1185 4919 Herma
1210 4881 1261 4918 no·

135 4969 253 5014 anuum
271 4961 297 5012 iu
315 4960 390 5012 nobie
407 4961 474 5013 bona
492 4960 602 5027 operari.
712 4961 798 5022 mina,
829 4961 853 5010 in
885 4975 907 5009 c.
926 4959 959 5009 ⁴5
992 4955 1080 5024 Eciog.
1110 4971 1142 5007 ex
1172 4954 1261 5024 Script.

170 5049 202 5114 2)
219 5046 293 5098 Hune
315 5047 400 5099 loanni
424 5046 510 5100 tandm
534 5053 562 5099 et
578 5044 688 5100 illnntm
713 5043 818 5113 Prupb.‚
836 5061 862 5114 p.
884 5043 951 5096 1000
969 5041 1010 5095 ed.
1031 5041 1121 5095 venet.

190 5151 260 5191 rm
273 5155 337 5201 ιμι.
354 5149 388 5191 ar.
402 5150 437 5194 iv.
1011 5127 1053 5196 23
