3067 6450
260 1185 315 1243 llll
693 1184 947 1241 ruutuuonuun
1210 1185 1386 1256 [seurota

323 1341 363 1430 1))
386 1345 452 1412 Act
469 1343 518 1427 11,
535 1345 586 1413 22.
616 1347 706 1411 Paulo
723 1353 793 1431 post
808 1347 957 1410 Barnabas
973 1347 1008 1409 ab
1024 1346 1179 1430 Apostolis
1194 1348 1385 1412 Antiochiam

390 1455 498 1517 missus
521 1461 577 1534 est,
599 1453 728 1517 uthans
751 1455 1071 1536 eeclesiam'regeret3

322 1555 359 1642 c)
386 1558 451 1621 Act
471 1555 521 1638 11,
538 1556 588 1623 25.
620 1557 786 1641 Apostolici
806 1559 894 1642 hujus
914 1558 1044 1621 muneris
1061 1557 1175 1621 socium
1190 1556 1310 1620 Paulum
1326 1559 1385 1621 sibi

385 1662 504 1727 addidit.

321 1764 360 1852 d)
383 1766 448 1831 Act.
467 1765 516 1847 11,
537 1765 589 1832 30.
628 1767 778 1831 Barnabas
801 1772 831 1830 et
853 1767 959 1831 Paulus
983 1768 1060 1830 circa
1084 1785 1150 1829 ann.
1172 1762 1216 1829 44
1238 1768 1384 1847 pecunias

300 1896 310 1909 ·’
385 1871 562 1936 Antiochiae
585 1872 726 1937 collectas
749 1871 985 1954 Hierosolymam
1007 1871 1202 1953 pertulerunt.

320 1973 358 2061 e)
385 1975 451 2040 Act
470 1975 509 2042 13
525 1984 557 2041 et
575 1973 624 2041 14.
646 1976 744 2041 Ambo
760 1977 847 2040 anuis
863 1972 905 2041 15
921 1983 953 2041 ct
967 1972 1009 2043 46
1024 1995 1054 2058 p.
1070 1974 1122 2038 uh.
1138 1994 1247 2041 nomen
1263 1976 1383 2063 Domini

382 2083 591 2165 praedicantes
614 2081 744 2164 Cyprum
769 2087 799 2144 et
821 2081 921 2145 Asiam
945 2082 1089 2144 minorem
1111 2089 1320 2166 peragrarunt.

317 2186 347 2272 1)
381 2188 447 2250 Act.
475 2184 531 2265 15,
563 2182 651 2266 2eq.
683 2191 714 2248 et
744 2185 807 2251 Gal.
832 2185 869 2266 2,
904 2184 933 2249 1.
956 2183 986 2251 9.
1032 2187 1182 2250 Barnabas
1214 2195 1244 2249 et
1273 2186 1382 2250 Paulus

384 2291 518 2370 reversi,
540 2289 577 2353 ab
599 2289 796 2354 Antiochenis
820 2292 858 2355 ob
882 2291 1060 2357 seditionem
1082 2298 1208 2374 propter
1230 2290 1383 2354 Judaistas

382 2395 517 2460 chortam
534 2393 771 2477 Hierosolymam
792 2396 884 2475 missi,
907 2396 1035 2461 concilio
1051 2393 1265 2479 Apostolorum
1282 2397 1382 2459 inter-

316 2501 322 2516 '
381 2498 510 2562 luerunt.
544 2518 612 2564 ann.
635 2497 775 2566 50-52.

316 2601 357 2688 g)
380 2604 446 2668 Act.
475 2601 525 2683 15,
548 2601 591 2667 37
614 2622 658 2685 sq.
703 2605 814 2688 Aliquo
838 2612 974 2689 tempore
1000 2604 1205 2688 praeterlapeo
1230 2604 1381 2668 Barnabas

382 2716 412 2774 et
433 2710 540 2773 Paulus
563 2710 727 2775 secundum
750 2712 809 2776 iter
831 2711 1027 2795 apostolicum
1053 2708 1172 2791 ingredi
1201 2709 1380 2787 statuebant,

381 2815 437 2879 scd
467 2815 658 2879 dissensione
687 2816 778 2880 Marci
808 2835 900 2882 causa
929 2816 1036 2879 oborta
1066 2814 1217 2877 Barnabas
1248 2813 1381 2877 aPaulo

381 2917 531 2998 discessit,
555 2924 748 3000 assumtorpre
769 2919 870 2984 llerco
886 2921 1016 3002 Cyprum
1038 2918 1199 3001 navigavit.
1244 2919 1289 2980 Be
1312 2918 1380 2980 satis

379 3026 446 3107 ejus
476 3023 724 3103 subsequentibus
754 3023 830 3087 liber
860 3031 978 3088 actuum
1004 3022 1219 3106 Apostolorum
1251 3040 1379 3105 prorsus

382 3129 458 3191 silet
503 3127 563 3193 Sed

314 3230 353 3318 h)
379 3232 475 3296 lCor.
492 3229 523 3311 9,
539 3227 569 3294 5.
586 3228 616 3295 6.
635 3230 808 3311 edocemur,
834 3233 996 3297 Barnabam
1017 3252 1077 3297 non
1093 3235 1190 3297 minus
1206 3252 1242 3297 ac
1257 3233 1378 3297 l'aulum

381 3337 492 3401 labore
514 3355 662 3398 manuum
683 3337 800 3399 victum
822 3338 1019 3416 quaesivisse
1043 3335 1147 3421 (juxta
1170 3338 1325 3419 Vulgatam
1349 3344 1380 3400 et

380 3442 540 3507 nonnullos
563 3426 682 3505 l'atres‘:
703 3442 852 3523 feminam
874 3461 940 3507 non
961 3463 1065 3507 eccam
1088 3439 1250 3525 duobos).

314 3546 343 3634 i)
378 3548 439 3611 Gal.
463 3547 500 3626 2,
527 3545 576 3612 13.
620 3547 698 3611 Petri
728 3548 944 3612 simulationem
974 3548 1014 3612 ob
1044 3554 1152 3610 metum
1175 3546 1377 3611 Judaistaruur

379 3651 530 3714 Barnabas
553 3650 729 3716 Antiochiae
751 3651 879 3713 imitatus
903 3657 950 3713 est
971 3670 1039 3715 ann.
1063 3647 1107 3716 52
1129 3670 1185 3715 seu
1207 3649 1261 3715 55.

315 3749 355 3837 tr)
380 3752 543 3818 Barnabam
565 3772 645 3818 anno
668 3753 710 3818 57
733 3753 839 3816 iterum
859 3754 889 3818 S.
905 3753 985 3818 Pauli
1007 3754 1102 3819 luime
1125 3755 1263 3820 comiteur
1287 3759 1318 3817 et
1340 3755 1377 3817 ab

381 3875 418 3921 eo
448 3859 478 3920 iu
508 3857 653 3922 societate
676 3857 733 3920 Titi
763 3857 801 3920 ad
828 3858 998 3924 Corinthios
1029 3878 1099 3924 esse
1129 3861 1271 3939 missum,
1303 3857 1379 3923 Gal·

380 3964 496 4028 landius
514 3961 545 4047 ¹)
573 3982 615 4027 ex
642 3964 666 4027 ll
683 3963 751 4027 Cor.
776 3960 814 4042 8,
840 3960 881 4028 18
903 3982 968 4045 sqq.
996 3966 1138 4029 evincere
1168 3970 1293 4030 conatus
1322 3969 1378 4028 est.

380 4067 441 4134 Sed
465 4067 576 4131 erravit
598 4067 645 4131 vir
666 4066 856 4133 doctissimus
872 4065 915 4153 ²).

315 4171 344 4258 1)
378 4173 467 4238 Anno
484 4171 527 4238 62
542 4173 671 4253 Marcus,
693 4171 848 4238 Barnabae
867 4172 1069 4238 consobrinus
1089 4178 1119 4236 et
1133 4173 1248 4237 itineris
1264 4190 1378 4252 comes,

382 4279 489 4341 iterum
511 4278 541 4342 in
563 4278 707 4342 societate
723 4278 806 4342 Bauli
826 4277 1002 4342 versabatur
1017 4273 1091 4359 (clr.
1107 4277 1223 4342 Coloss.
1240 4274 1270 4355 1,
1289 4272 1378 4358 10.);

383 4400 443 4463 quo
475 4381 524 4462 ut,
557 4387 590 4446 ut
620 4382 784 4446 Barnabam
819 4382 868 4446 illo
901 4398 980 4445 auno
1010 4382 1072 4464 jara
1104 4388 1252 4445 mortuum
1284 4380 1378 4444 luisse

382 4490 528 4565 putemus.
566 4484 646 4548 ldem
666 4484 804 4550 concludi
822 4491 922 4568 potest
937 4503 977 4548 err
991 4483 1003 4546 l
1018 4484 1095 4548 Pctr.
1112 4482 1143 4563 5,
1161 4480 1201 4548 15
1219 4490 1249 4548 et
1264 4484 1288 4547 ll
1304 4484 1378 4548 Tim.

384 4586 422 4667 3,
447 4585 503 4665 113
536 4607 594 4653 nco
617 4590 712 4655 minus
734 4588 924 4667 Alexander,
953 4587 1117 4652 monachus
1139 4589 1267 4671 Cyprius
1290 4584 1377 4671 (Sco.

289 4845 316 4911 1)
335 4842 453 4898 Bibliotlr.
473 4853 526 4899 ret.
539 4844 640 4901 Petrum
654 4845 714 4902 ’1.1.
734 4845 801 4901 Pro·
863 4848 894 4916 2)
913 4847 965 4904 Clr.
983 4850 1145 4913 obbonem,
1165 4845 1334 4901 Commeatum
1348 4843 1377 4898 Τ.

251 4929 303 5003 leg.
322 4949 348 5002 p.
367 4931 475 4986 xxxiv.
827 4933 871 4989 lll.
888 4952 914 5005 p.
932 4935 984 4989 783
1009 4942 1035 4988 et
1059 4931 1174 4988 libellum
1197 4948 1282 4988 mcum
1299 4946 1378 5000 supra

828 5022 931 5078 citatum
948 5036 975 5092 p.
993 5020 1027 5075 27
1046 5028 1073 5077 et
1090 5018 1133 5076 28.
