3067 6450
287 1252 292 1259 ¹
387 1190 526 1246 unauna
545 1190 680 1245 PASTOR.
716 1190 813 1246 lulBEll
830 1190 849 1245 1.
886 1191 971 1274 VlSIO
990 1193 1009 1247 l.
1197 1199 1262 1263 325

135 1354 342 1420 misericordia
366 1354 420 1416 liei
444 1355 563 1425 miserto
587 1359 632 1414 est
654 1354 696 1415 tui
720 1360 749 1415 et
773 1353 877 1417 domus
902 1362 986 1435 tuae,
1018 1364 1048 1419 et
1070 1356 1263 1420 cunservavit

135 1468 165 1522 te
193 1461 223 1521 in
252 1459 358 1542 gloria.
404 1458 449 1519 Tu
478 1464 587 1520 tantum
618 1458 679 1520 noli
708 1455 853 1541 'vagaii,
885 1460 939 1523 sed
967 1463 1160 1543 animaequus
1184 1471 1261 1542 esto,

135 1572 165 1628 cl
189 1564 324 1628 conlorla
349 1563 467 1626 domum
489 1569 577 1625 tuam.
623 1564 783 1644 Tamquam
807 1566 941 1626 aerarius
965 1563 1161 1646 ²producens
1186 1585 1261 1648 opus

133 1687 222 1732 suum
245 1668 368 1748 exponit
391 1668 429 1744 ei,
447 1667 500 1749 *cui
524 1665 593 1744 vult,
616 1667 660 1727 sic
684 1673 713 1728 et
736 1673 765 1729 tu
785 1669 909 1729 verbum
931 1668 1132 1749 quotidianum
1148 1672 1262 1750 justum

134 1773 249 1853 docens
265 1770 422 1834 abscindes
439 1770 553 1853 grande
569 1777 731 1852 peccatum.
777 1771 821 1832 Ne
839 1771 957 1833 desinas
977 1790 1051 1854 ergo
1070 1792 1262 1837 couunonere

133 1886 221 1940 natos
252 1884 336 1953 tuos;
368 1877 424 1938 scit
452 1876 528 1936 enim
553 1875 714 1953 Dominus,
749 1875 828 1955 quod
859 1878 1072 1957 poenitentiam
1102 1885 1192 1960 agent
1222 1898 1263 1941 ex

133 1987 197 2043 loto
214 1981 307 2044 corde
323 1997 389 2056 suo,
414 1987 445 2040 et
468 1974 604 2041 ³scribet
627 1985 656 2040 te
680 1981 707 2040 in
727 1980 803 2041 libro
822 1981 929 2041 vitae.“
969 1981 1126 2062 Quumque
1147 1982 1262 2044 linisset

132 2085 226 2147 verba
255 2085 345 2163 haec,
378 2086 417 2145 ait
446 2083 532 2145 milri:
568 2085 639 2160 „vis
663 2083 765 2145 audire
790 2103 836 2145 me
867 2085 1070 2166 legentem?“
1118 2086 1259 2154 Dicoei:

134 2188 283 2269 ,domina
307 2188 406 2251 vulo.“
448 2186 539 2266 ,Esto
556 2206 631 2269 ergo
647 2188 792 2249 auditor.“
832 2188 867 2249 El
886 2189 1024 2250 revoluto
1046 2190 1122 2251 libro
1142 2189 1262 2271 legebat
1363 2185 1368 2195 '

131 2293 285 2375 gloriose,
317 2291 471 2374 magnifice
496 2298 525 2352 et
548 2292 686 2370 mirifice,
720 2310 796 2373 quae
819 2310 879 2354 non
903 2300 1036 2373 poteram
1067 2295 1095 2355 in
1118 2297 1281 2371 memoria¹

132 2398 274 2459 retinere.
321 2384 411 2458 Eraut
435 2373 513 2457 enim
538 2385 628 2456 verba
653 2390 819 2475 ⁴terrifica,
845 2416 922 2478 quac
948 2416 1008 2459 non
1028 2405 1149 2478 poterat
1171 2399 1260 2462 horno

93 2528 96 2532 “
130 2502 293 2563 sustinere.
338 2500 635 2562 Novissima-tamen
668 2500 759 2562 uerba
794 2503 955 2563 memoriae
991 2501 1143 2578 rnandavi;
1178 2508 1261 2565 erant

131 2607 211 2667 enim
233 2622 330 2686 pauca
353 2609 383 2666 et
404 2604 484 2667 utilia
508 2605 611 2669 nobis:
645 2622 736 2682 ,ecce
761 2605 842 2667 Deus
866 2607 1022 2684 virtutum,
1049 2607 1099 2688 qui
1122 2606 1260 2673 invisibili

131 2711 241 2772 virtute
271 2714 300 2770 et
331 2726 440 2790 magno
459 2725 562 2787 ‚sensu
593 2726 648 2772 suo
678 2706 809 2772 condidit
837 2711 997 2788 mundum,
1031 2720 1061 2774 et
1092 2712 1259 2775 honorilice

131 2814 260 2877 consilio
284 2813 478 2877 circumdedit
502 2813 641 2876 decorem
665 2822 819 2876 creaturae
843 2833 931 2894 suae,
963 2822 993 2877 et
1018 2815 1178 2878 fortissimo
1202 2834 1259 2880 suo

130 2920 228 2980 verbo
250 2893 379 2980 'conlixit
410 2918 542 2995 coelum,
574 2923 604 2979 et
633 2917 767 2980 lundavit
796 2926 905 2982 terram
938 2917 1057 3001 ⁵super
1087 2939 1197 3002 aquas,
1229 2928 1259 2983 et
1332 2920 1335 2931 “
1436 2930 1440 2944 '

130 3025 242 3085 virtute
264 3041 316 3085 suu
340 3023 452 3104 putenti
469 3022 600 3085 condidit
615 3030 746 3085 sanctam
763 3024 920 3086 ecclesiam
937 3043 1029 3100 suum,
1054 3043 1141 3105 quarn
1161 3025 1258 3103 bene-

130 3128 222 3203 dixit3
254 3145 343 3206 ecce,
373 3108 540 3189 transferet*
560 3126 663 3189 coelos
687 3145 722 3188 ac
745 3135 879 3203 montes,
910 3127 1004 3190 colles
1033 3147 1068 3188 ac
1091 3129 1197 3203 maria,
1228 3133 1259 3188 et

131 3235 230 3297 omnia
254 3229 364 3314 ⁶plana
389 3231 459 3294 fient
485 3227 611 3295 ⁷eleclis
635 3233 710 3313 ejus,
734 3238 765 3293 ut
786 3230 892 3293 reddat
910 3231 966 3292 illis
982 3232 1255 3311 repromissionem,

132 3338 430 3418 quam-repromisit,
462 3355 527 3399 cum
552 3337 643 3399 multo
666 3336 783 3398 honore
807 3342 836 3397 et
858 3335 986 3417 gaudio,
1016 3337 1041 3422 si
1072 3336 1259 3399 servaverint

131 3442 263 3524 legitima
287 3441 353 3519 Dei,
378 3459 455 3523 quae
478 3448 657 3523 acceperunt
682 3443 709 3503 in
734 3435 868 3524 ⁸magna
891 3439 977 3504 fide.“

220 3544 267 3608 tv.
292 3546 448 3625 Quumque
462 3552 694 3608 consummasset
707 3545 847 3628 legendo,
864 3544 1034 3607 exsurrexit
1048 3543 1085 3605 de
1097 3543 1257 3622 cathedra;

132 3656 163 3713 et
186 3657 333 3712 venerunt
355 3659 484 3730 quatuor
499 3652 639 3733 juvenes,
663 3656 692 3711 et
714 3650 843 3712 tulerunt
863 3650 1032 3712 cathedram
1049 3649 1085 3711 ad
1103 3650 1258 3739 orientem.

131 3753 169 3817 Et
185 3754 303 3816 vocavit
318 3772 366 3815 me
381 3754 418 3816 ad
434 3772 478 3833 se,
503 3762 531 3817 et
549 3755 643 3836 letigit
659 3762 763 3835 pocius
780 3774 875 3817 meum
899 3755 998 3835 aitque
1020 3755 1105 3816 mitri:
1131 3754 1259 3835 ,placuit

131 3858 184 3919 tibi
216 3857 305 3921 lectio
337 3857 449 3920 mea?“
496 3858 570 3920 Dico
606 3859 651 3920 ei:
692 3838 853 3938 ,domina,
888 3858 962 3921 haec
997 3858 1066 3919 milri
1097 3858 1259 3921 novissima

132 4079 193 4116 cun
216 4060 295 4113 luisse
321 4069 453 4130 putat,.a
479 4061 536 4114 liliis
555 4063 681 4130 proditum
710 4065 782 4116 licam
814 4045 929 4115 invenies
962 4066 987 4115 in
1017 4043 1082 4115 libro
1112 4063 1283 4131 apocrypho·

132 4158 159 4201 et
178 4148 247 4216 apud
265 4149 427 4217 magistratus
449 4164 562 4216 paganos
582 4149 682 4200 denun·
711 4151 741 4201 tv
761 4150 856 4200 Esdraa
880 4150 911 4213 6,
939 4149 978 4200 17.
1027 4149 1078 4201 Cir.
1110 4152 1260 4204 ‚lachmann

131 4237 229 4312 tiatum.
265 4233 357 4287 Contra
377 4238 530 4289 dodwellus
552 4243 578 4287 et
596 4240 680 4291 mtte-
710 4253 734 4304 p.
749 4237 791 4300 65,
811 4238 851 4304 qui
871 4237 1018 4301 scriptorem
1038 4243 1149 4288 nostrum
1164 4235 1260 4289 Esdrac

131 4325 250 4375 nuntius
278 4320 395 4373 Hermann
438 4324 565 4375 clericum
604 4322 682 4375 iuima
709 4322 801 4380 librum
820 4323 909 4372 imitari
929 4320 1042 4373 voluisse
1061 4322 1200 4375 contendit.

132 4410 277 4476 opinantur.
305 4406 356 4460 cu.
372 4411 529 4463 sacomam.
544 4407 559 4459 l.
573 4425 595 4459 c.
610 4426 635 4476 p.
649 4410 682 4459 26
745 4409 773 4471 5)
793 4406 843 4459 Cir.
864 4407 884 4459 ll
900 4406 967 4458 Petr.
987 4407 1012 4471 3,
1032 4408 1056 4459 5.

132 4503 160 4547 ct
177 4494 220 4546 2⁷.
442 4549 445 4554 ,
745 4492 774 4563 6)
792 4492 829 4547 lta
842 4493 960 4547 Codices.
991 4493 1075 4546 Editi:
1091 4497 1177 4565 pterea.
1207 4491 1258 4545 cn.

169 4580 198 4648 1)
217 4583 303 4635 Prone
322 4596 443 4649 couroye.
470 4582 574 4630 Furonr
595 4579 611 4632 l.
631 4597 653 4632 c.
709 4584 860 4636 Jaclrmann
878 4599 902 4650 p.
921 4581 964 4633 86.
1130 4636 1136 4643 ,

167 4666 268 4734 2t-Clr.
287 4666 372 4720 marth.
387 4666 430 4731 13,
443 4665 483 4717 52.
503 4666 546 4731 25,
561 4666 602 4719 2⁷.
622 4666 681 4720 Luc.
746 4670 774 4733 7)
794 4667 826 4720 Ut
844 4668 885 4719 hic
903 4672 1052 4723 electionem
1068 4668 1202 4734 justorum,
1223 4668 1258 4718 itu
1301 4739 1303 4742 .

136 4751 239 4819 19,13.
482 4759 487 4769 '
677 4799 678 4804 ,
710 4759 853 4811 titularem
895 4755 1004 4807 hominis
1039 4755 1115 4805 docet
1150 4752 1257 4805 lleimns

169 4838 197 4904 3)
216 4838 301 4907 Lege:
319 4842 471 4895 scribentur
488 4845 526 4895 io.
547 4831 681 4895 Grinario.
709 4842 763 4896 Lib.
781 4842 822 4894 lll.
843 4841 903 4893 Sim.
922 4844 953 4907 8,
973 4840 997 4893 6.
1019 4842 1058 4893 11.
1100 4839 1151 4891 cn.
1170 4843 1257 4895 Jaco-

135 4922 186 4978 cir.
205 4925 268 4979 Phil.
287 4926 313 4992 4,
333 4926 357 4978 3.
385 4927 528 4995 Apcc.20‚
548 4929 589 4981 15.
709 4948 788 4983 mann
807 4943 831 4997 p.
851 4929 892 4979 78.

169 5013 199 5083 4)
217 5012 330 5067 Similem
359 5016 574 5067 annuntiationem
604 5016 682 5068 terri·
745 5016 773 5081 8)
792 5013 811 5066 l.
833 5033 856 5068 a.
873 5021 948 5085 fimo
965 5016 1107 5069 medestae.
