3067 6450
212 1189 253 1244 xa
651 1129 906 1242 raoiaoonana.
1149 1189 1339 1260 [merom

211 1350 355 1437 ignatium
378 1348 546 1413 immediate
569 1350 599 1416 S.
616 1350 705 1413 Petro
728 1348 914 1413 successisse
929 1345 967 1433 ¹).
999 1346 1154 1414 'Batonius
1176 1349 1280 1436 (Anu.
1295 1351 1341 1433 15,

214 1454 254 1520 14
269 1463 299 1520 et
315 1453 366 1535 71,
385 1453 445 1540 11)
467 1463 556 1537 atque
572 1455 681 1518 Natalis
697 1453 870 1517 Alexander
891 1453 977 1539 (Sec.
993 1454 1014 1516 l.
1030 1454 1109 1519 Diss.
1130 1453 1180 1520 14.
1200 1459 1290 1542 Prop.
1308 1457 1341 1544 l]

210 1561 381 1644 conjiciunt,
397 1559 541 1623 Evodium
558 1578 593 1623 ac
609 1559 751 1642 lgnatium
769 1559 876 1622 eodem
897 1568 1041 1642 tempore,
1064 1561 1194 1626 alterum
1211 1564 1342 1644 ludaeis,

210 1667 335 1729 alterum
351 1665 482 1729 Ethnicis
502 1665 538 1729 ad
555 1684 647 1728 verae
662 1663 817 1746 religionis
833 1664 943 1728 cultum
959 1667 1126 1745 conversis,
1153 1668 1326 1749 praefuisse
1332 1691 1341 1747 ;

209 1772 317 1852 quihus
340 1771 376 1835 ad
400 1770 589 1836 concordiam
606 1769 724 1834 tandem
741 1769 886 1850 adduciis,
902 1770 1046 1855 lgnatium
1061 1770 1180 1835 Evodio
1202 1775 1341 1845 cessim

208 1875 374 1958 iterumque
397 1884 465 1960 post
487 1877 598 1940 obitum
622 1875 699 1937 illius
722 1873 849 1938 sedisse.

294 1981 341 2044 De
362 1981 467 2066 lgnatii
490 1999 562 2045 cura
585 1979 727 2062 pastorali
760 1981 852 2043 verha
885 1979 997 2044 iaciunt
1024 1987 1089 2044 acta
1112 1984 1252 2065 martyrii
1276 1983 1341 2048 el

206 2083 317 2151 Eadem
340 2106 433 2171 porro
455 2092 586 2165 narrant,
610 2085 755 2169 lgnatium
780 2105 796 2149 a
821 2086 960 2168 Trojano,
985 2092 1090 2148 contra
1112 2087 1342 2152 Armeniamet

205 2191 328 2256 Parthos
351 2193 560 2274 proficiscente
584 2189 822 2271 Aratiochiaeque
845 2197 991 2269 morante,
1018 2190 1055 2253 ad
1079 2191 1191 2256 hostias
1217 2193 1341 2258 damna·

205 2303 275 2377 tum,
298 2298 419 2360 Romam
445 2313 514 2358 esse
541 2294 706 2358 abductum.

293 2400 364 2464 Post
386 2401 505 2484 longam
529 2407 559 2462 ct
574 2398 772 2480 periculosam
791 2401 1020 2482 navigationem,
1043 2400 1204 2464 addacem
1221 2404 1340 2482 milites,

206 2523 283 2586 quos
305 2505 467 2586 leopardos
491 2510 580 2569 vocat
592 2500 634 2587 ²),
658 2504 804 2587 alligatus,
821 2511 942 2568 sanctus
959 2505 1072 2587 hlartpr
1087 2506 1248 2588 Smyrnam
1268 2527 1340 2590 per-

205 2611 297 2689 venit,
320 2610 369 2673 uhi
394 2629 433 2673 ex
456 2611 615 2691 colloquio,
640 2628 706 2672 cum
723 2610 751 2674 S.
769 2609 936 2692 Polycarpo
960 2617 990 2673 et
1010 2611 1209 2693 adjacentium
1234 2614 1338 2676 eccle-

205 2716 315 2778 siarum
338 2715 444 2798 legatis
467 2716 576 2794 hahito,
600 2715 750 2796 ingentem
775 2716 955 2797 voluptatem
978 2717 1130 2799 percepit,
1156 2723 1188 2779 et
1210 2725 1339 2798 quatmr

205 2818 347 2900 epistolas
369 2819 405 2883 ad
427 2818 592 2902 Ephesios,
616 2820 805 2902 Magnesiae,
837 2822 1004 2886 Trallianos
1030 2828 1060 2885 et
1082 2821 1236 2888 llomanos
1261 2843 1338 2891 con·

171 2941 174 2951 ·
204 2924 332 3007 scripsit.

293 3030 419 3113 Smyrna
453 3028 600 3092 Troadem
634 3030 734 3109 venit,
773 3032 822 3094 uhi
856 3031 988 3114 ignatius
1022 3051 1185 3114 paucorum
1221 3034 1336 3097 dierum

205 3153 317 3198 moram
342 3134 477 3215 epistolis
499 3133 536 3196 ad
560 3133 840 3215 Philadelphenses,
873 3137 1054 3218 smyrnaeos
1087 3145 1117 3199 et
1138 3139 1336 3222 Polycarpum

205 3240 365 3305 exarandis
381 3241 497 3304 dicavit.
534 3238 605 3301 lnde
621 3240 775 3322 Neapolim
792 3240 946 3322 adductus,
963 3244 1112 3326 Philippos
1128 3247 1336 3326 pertransiens

204 3344 407 3410 hlaredoniam
429 3352 518 3410 lolam
542 3348 724 3429 peragravit.
772 3345 925 3426 Epidamni
953 3367 1029 3411 vero
1060 3347 1099 3431 (i.
1124 3367 1150 3411 e.
1174 3347 1336 3433 Dyrrachii)

203 3451 233 3514 in
257 3451 347 3533 Epiro
370 3471 476 3516 navem
509 3452 593 3515 hrevi
624 3451 787 3514 soluturam
818 3450 988 3530 ollendens,
1019 3453 1220 3516 Hadriaticum
1254 3471 1337 3517 mare

205 3558 384 3640 enavigavit,
407 3564 497 3638 atque
520 3557 548 3619 in
566 3557 750 3638 Tyrrhenum
774 3557 915 3620 ascendit.
962 3557 1101 3620 Puteolos
1124 3557 1173 3619 uhi
1197 3559 1338 3639 pervenit

205 3662 314 3722 enavi
338 3661 524 3725 descendere
555 3661 709 3741 cupiebat,
741 3669 772 3723 ut
800 3661 837 3722 ad
861 3662 890 3726 S.
914 3662 995 3725 Pauli
1019 3663 1187 3744 exemplum
1211 3663 1337 3726 Romam

204 3763 333 3825 Puteolis
363 3765 568 3827 contenderet
613 3763 653 3826 dt
683 3771 773 3827 vento
809 3765 976 3828 vehementi
1011 3769 1041 3830 in
1076 3768 1165 3830 altum
1196 3768 1337 3849 repulsus

205 3867 309 3946 urbem
340 3866 418 3928 illam
448 3869 613 3948 praeterire
642 3877 763 3932 coactus
796 3876 850 3931 est.
895 3871 1032 3951 Denique
1064 3872 1101 3934 ad
1125 3872 1245 3934 Portum
1269 3871 1338 3935 lio·

205 3989 323 4034 manum
345 3972 528 4052 perveniens
551 3989 568 4034 a
591 3971 736 4053 fidelihus,
759 3975 852 4037 Roma
871 3976 988 4038 ohviam
1009 3977 1157 4054 euntibus,
1181 3976 1337 4054 salutatus,

206 4095 223 4140 a
238 4072 412 4138 custodibus
428 4083 525 4139 autem
542 4076 746 4142 festinantibus
762 4080 884 4142 Romam
907 4081 936 4141 in
959 4080 1202 4161 amphitheatrum
1219 4080 1337 4158 ductus,

206 4185 237 4242 et
260 4178 375 4241 duobus
398 4179 534 4244 leonibus
565 4182 701 4265 objectus
732 4190 794 4263 est,
825 4184 875 4265 qui
906 4183 986 4246 illico
1018 4185 1113 4266 ipsum
1140 4183 1337 4263 devorarunt,

206 4284 280 4348 solis
303 4284 471 4348 durioribus
494 4286 605 4362 relictis
623 4288 752 4368 ossihus,
773 4307 851 4369 quae
867 4288 992 4352 collecta
1008 4287 1195 4352 Antiochiam
1211 4289 1337 4371 pretiosi

206 4390 302 4453 instar
324 4388 455 4453 thesauri
479 4391 633 4473 deportata
656 4400 734 4456 sunt.

293 4492 437 4577 lgnatinm
468 4513 550 4559 nono
578 4514 656 4559 anno
687 4497 875 4580 imperatoris
902 4498 1020 4580 Trajani
1053 4494 1090 4579 (a
1114 4495 1156 4561 26
1178 4497 1244 4561 Jan.
1273 4493 1336 4563 106

206 4630 249 4651 -
273 4596 315 4665 26
338 4597 404 4663 Jan.
430 4596 490 4663 107
513 4617 541 4681 p.
566 4597 655 4685 Chr.)
678 4600 715 4663 ad
738 4602 850 4665 bestias
873 4602 1055 4680 damnatum,
1088 4601 1203 4664 decimo
1236 4606 1336 4664 autem

204 4699 327 4789 'lrajani
353 4721 450 4783 anno,
482 4700 533 4768 20.
556 4703 628 4767 Dec.
655 4704 734 4785 107,
766 4706 909 4789 martyrio
940 4714 1115 4769 coronatum
1146 4722 1234 4784 esse,
1269 4711 1337 4769 acta

201 4809 358 4882 passionis
381 4809 447 4892 ejus
470 4810 590 4874 tradunt
612 4828 637 4873 c.
660 4806 679 4871 2
704 4815 734 4873 ct
757 4808 787 4873 7.

240 5029 274 5100 1)
289 5035 443 5091 moeno.
457 5032 584 5107 uideat.
593 5051 619 5105 p.
628 5033 670 5089 ts.
680 5030 774 5108 T.lll.l
819 5035 850 5107 2)
867 5038 950 5108 lpum.
970 5045 1010 5106 ep.
1029 5037 1062 5091 ad
1080 5033 1152 5092 hom.
1172 5052 1196 5090 c.
1215 5034 1240 5089 5.
