3067 6450
524 1190 555 1246 11.
574 1188 758 1245 ctssttsrtrts
777 1193 822 1247 ΑΙ)
842 1190 917 1249 COR.
937 1194 967 1248 t.
985 1195 1026 1248 Vl.
1276 1202 1335 1271 141

212 1371 291 1428 eam,
314 1352 369 1433 qai
390 1360 554 1432 postquam
578 1355 693 1415 morlai
714 1351 860 1431 fueritis,
890 1356 982 1419 labet
1010 1366 1194 1435 potestatem
1218 1360 1340 1422 animae

210 1467 241 1520 cl
264 1458 421 1537 corporis,
444 1467 478 1519 at
499 1460 599 1519 mittat
623 1459 655 1517 iu.
677 1459 848 1537 pallacanam
872 1462 965 1539 ionia.
1011 1461 1048 1524 Et
1071 1464 1195 1541 scitote,
1220 1462 1338 1542 iratres,

211 1562 293 1643 quod
325 1562 527 1644 peregrinatio
559 1563 658 1623 carnis
689 1562 777 1645 liujus
809 1565 836 1624 in
869 1565 926 1627 luoo
956 1567 1065 1629 mundo
1096 1569 1196 1630 brouls
1228 1574 1274 1629 cst
1304 1586 1339 1629 ac

210 1667 297 1748 parvi
329 1667 490 1747 temporis3
520 1667 678 1749 promissio
708 1674 805 1729 autem
831 1667 938 1732 Christi
971 1689 1076 1753 magna
1109 1677 1138 1733 et
1162 1671 1339 1735 admirabilis

210 1777 268 1849 est,
293 1779 382 1851 atque
406 1771 528 1851 requies
552 1770 642 1834 luturi
664 1772 752 1852 regni
776 1790 811 1859 ac
835 1775 912 1836 vilae
940 1772 1110 1838 'aeternae
1150 1777 1226 1850 Ouid
1249 1778 1340 1860 igitur

211 1876 351 1940 laciendo
374 1896 409 1939 ea
434 1878 578 1957 consequi
601 1877 784 1959 poterimus,
817 1878 872 1939 nisi
903 1887 1007 1942 sancte
1033 1881 1176 1962 justeque
1208 1881 1338 1945 vivendo

210 2001 248 2043 ac
280 1981 452 2063 operando,
483 1988 514 2044 et
546 1980 691 2044 mundana
723 1980 798 2042 haec
826 1987 962 2063 tanquam
987 1984 1081 2046 aliena
1104 1984 1251 2067 putando,
1282 2003 1338 2047 nec

210 2086 259 2148 illa
293 2086 562 2167 concupiscendo?
608 2085 681 2148 Dum
716 2086 793 2147 enim
828 2104 863 2148 ea
900 2087 1058 2168 possidere
1089 2089 1337 2170 concupiscimus,

210 2189 378 2253 excidimus
401 2209 417 2252 a
441 2193 489 2253 via
508 2192 598 2273 justa.

211 2487 260 2550 lll.
307 2485 447 2549 Seculam
471 2504 625 2564 procoma
648 2493 677 2547 et
703 2484 844 2563 suturam
873 2487 935 2548 duo
963 2487 1092 2549 inimici.
1137 2490 1247 2570 Spreta
1272 2490 1338 2567 illo,

400 2590 460 2652 lroc
482 2590 656 2668 dilipomcra.
701 2588 801 2651 Aliter
824 2592 912 2653 natta
934 2591 1047 2654 solatis
1069 2611 1150 2671 spes.

301 2712 378 2774 Dicit
400 2718 498 2774 autem
521 2710 680 2773 Dominus:
713 2706 981 2775 Ἰ11111111111111111
1001 2723 1108 2794 potest
1135 2714 1255 2821 draglm
1278 2718 1338 2780 do·

210 2817 306 2878 minis
329 2818 460 2879 seruire.
505 2816 536 2877 Si
561 2833 616 2877 nos
638 2814 777 2879 volumus
808 2824 837 2879 ot
861 2817 925 2882 lteo
948 2821 1065 2882 servire
1092 2826 1122 2881 et
1145 2839 1338 2900 mammonae,

211 2922 431 2985 incommodum
454 2921 542 2984 nobis
565 2928 620 2982 est.
659 2916 763 2981 ³ll'um
778 2940 858 3000 quae
874 2923 1006 3000 utilitas,
1029 2923 1145 3003 ari-quio
1161 2926 1339 2989 uniuersam

212 3026 358 3087 mandam
381 3026 535 3101 lucretur,
561 3024 694 3086 anianum
718 3033 820 3086 uatem
843 3027 1024 3090 detrimento
1053 3027 1201 3106 officiat?
1245 3030 1338 3093 l‘orro

213 3132 272 3194 ltoc
305 3131 440 3195 seculum
475 3136 505 3193 el
540 3130 668 3193 luiturum
701 3138 771 3193 sunt
805 3130 865 3193 duo
904 3131 1020 3191 inimici.
1078 3131 1150 3193 lllud
1189 3132 1340 3212 praedicat

212 3237 410 3316 adulterium,
434 3236 651 3318 corruptelam,
682 3237 834 3299 avaritiam
858 3243 887 3298 ct
912 3234 1062 3309 lraudcm3
1096 3235 1154 3297 hoc
1179 3253 1253 3300 vero
1277 3237 1341 3298 istis

212 3342 371 3405 renuntiat.
418 3340 484 3402 Non
509 3359 585 3421 ergo
608 3359 768 3422 possumus
800 3340 953 3401 amborum
983 3338 1067 3399 amici
1100 3356 1186 3414 ossc3
1220 3345 1341 3421 oportet

212 3454 330 3525 autem,
360 3452 393 3508 ul
422 3444 463 3508 illi
494 3444 713 3522 valedicentes,
746 3444 804 3506 luoc
835 3440 987 3506 ‘utamur
1036 3439 1201 3506 ⁵Pulemus
1233 3443 1338 3507 niellus

214 3571 302 3631 esse,
325 3570 402 3632 quae
426 3550 473 3612 tric
494 3556 581 3629 sunt,
611 3547 728 3626 odisse,
758 3548 825 3628 quia
849 3566 942 3629 parva
966 3553 995 3607 et
1018 3547 1120 3628 exigui
1144 3548 1285 3629 temporis
1309 3554 1340 3611 et

177 3701 180 3707 -
213 3656 398 3738 corruptioni
423 3655 662 3729 obnoxiasun13
694 3651 740 3714 illa
772 3660 869 3715 autem
901 3652 1042 3734 diligere,
1071 3656 1175 3733 utpote
1202 3653 1280 3714 bona
1311 3659 1342 3716 et

214 3765 394 3841 incorrupta.
439 3760 595 3822 Facieutes
629 3761 707 3822 enim
742 3757 926 3819 voluntatem
963 3754 1088 3833 Christi,
1123 3756 1257 3835 requiem
1290 3757 1342 3819 in·

215 3866 387 3940 veniemus3
411 3863 457 3926 sin
481 3864 594 3942 minus,
616 3864 687 3926 nihil
711 3881 767 3927 nos
791 3865 827 3925 ab
851 3869 974 3925 aeterno
998 3860 1144 3943 supplicio
1169 3861 1292 3942 eripiet,
1315 3863 1341 3924 si
1433 3837 1435 3858 Ι

214 3970 351 4032 mandata
374 3968 452 4031 illius
474 3968 716 4032 condemnamus.
762 3967 839 4029 Dicit
854 3967 931 4029 enim
949 3966 1100 4047 Scriptura
1121 3966 1149 4027 in
1166 3964 1340 4029 Ezechiele:

215 4071 273 4138 ‘si
296 4074 362 4138 Noe
384 4082 413 4137 et
430 4073 491 4138 lob
516 4082 546 4135 ct
559 4073 679 4135 Daniel
700 4079 875 4152 resarpant,
898 4090 963 4134 non
986 4078 1095 4132 macae
1116 4069 1232 4134 liberos
1254 4090 1341 4149 saroa,

216 4179 408 4259 quimatio
424 4180 612 4259 captivitate.
658 4176 773 4252 Quodsi
796 4181 952 4257 tantopere
966 4174 1040 4256 justi
1061 4173 1116 4236 viri
1135 4192 1196 4236 uon
1216 4180 1343 4254 possunt

212 4283 337 4365 justitiis
359 4284 422 4344 suis
445 4300 555 4345 eruere
577 4281 689 4344 liberos
710 4297 800 4358 suos,
832 4296 906 4356 nos,
939 4279 995 4341 nisi
1019 4277 1161 4359 baptisma
1183 4296 1289 4359 purum
1313 4283 1343 4340 et

216 4387 434 4451 immaculatum
457 4387 690 4461 servaverimus,
713 4402 771 4464 qua
792 4382 970 4445 confidentia
991 4381 1163 4444 intrabimus
1183 4382 1212 4443 in
1229 4381 1342 4464 regiam

217 4491 299 4553 Dei?
345 4492 405 4554 Aut
428 4492 495 4572 quis
517 4488 682 4552 advocatus
706 4495 812 4552 noster
836 4488 901 4565 erit,
923 4487 949 4550 si
965 4505 1026 4551 uon
1043 4487 1228 4550 inveniamur
1250 4505 1342 4568 opera

217 4596 265 4676 pia
289 4601 319 4658 et
336 4597 418 4678 justa
441 4593 611 4658 habentes?

253 4943 283 5007 4)
302 4942 348 4995 ttr.
366 4943 479 5008 χρᾶοθαι.
830 4937 859 5002 6)
878 4934 973 4988 Bacch.
996 4934 1037 5000 14,
1058 4933 1099 4986 ld.
1118 4932 1159 4985 2⁰.

254 5029 283 5095 5)
302 5027 347 5080 111.
366 5023 477 5092 οἰόμεθα.
