3067 6450
271 1178 392 1234 runem
410 1179 569 1235 eetsroun
587 1182 634 1234 AD
653 1180 970 1240 tmteueurussustss.
990 1185 1042 1241 Vll.
1060 1186 1126 1242 Vm.
1197 1192 1262 1259 217

134 1363 222 1426 quom
249 1343 423 1426 ¹grevutum
448 1361 517 1405 esse
539 1351 588 1406 eut
611 1345 639 1406 in
664 1363 769 1427 parvo,
794 1352 842 1408 out
862 1347 890 1411 in
907 1367 1024 1431 magno.
1063 1348 1098 1411 Et
1115 1352 1262 1432 omnibus,
1372 1411 1374 1415 .

135 1445 199 1509 2od
235 1467 310 1529 quos
345 1448 462 1510 locutus
497 1466 580 1528 sum,
619 1457 708 1532 opto,
743 1469 782 1514 ne
815 1453 844 1514 in
880 1444 1077 1517 teetimonium
1112 1454 1141 1517 id
1176 1457 1264 1520 eodut

135 1560 238 1617 contro
262 1556 353 1636 ipsos.

135 1746 194 1809 Vll.
240 1745 269 1807 S.
293 1747 415 1827 Spiritu
439 1746 612 1825 impellente
636 1764 693 1808 eos
721 1746 765 1807 ud
794 1747 943 1818 unitatem
973 1749 1159 1815 adhortatus
1187 1773 1264 1816 eum.

223 1870 405 1950 Quamquam
430 1870 506 1930 enim
535 1867 668 1931 nonnulli
700 1869 864 1930 secundum
897 1891 1016 1934 curnem
1046 1893 1094 1936 me
1124 1875 1264 1956 decipere

134 1975 309 2051 votuerunt,
341 1977 460 2057 spiritns
485 1982 580 2036 tomen
606 1993 664 2036 non
690 1974 853 2054 decipitur,
877 1994 893 2036 a
918 1976 983 2039 Dco
1007 1986 1099 2039 ortus.
1145 1974 1264 2040 3Νονίῐ

136 2080 224 2152 enim,
249 2079 328 2139 unde
351 2080 460 2155 veniat,
484 2086 513 2139 ct
537 2097 597 2159 quo
621 2079 719 2156 redut,
744 2087 774 2141 et
797 2089 914 2143 secreto
939 2084 1083 2165 coarguit.
1126 2083 1266 2163 Cleonaei,

136 2203 225 2265 qurum
256 2203 400 2266 praesens
433 2202 547 2262 essem,
583 2184 700 2246 locutus
730 2203 794 2248 sum
827 2204 933 2268 magno
967 2206 1061 2248 voce:
1093 2183 1266 2269 ‘episcopo

136 2291 256 2351 obedite
274 2297 301 2349 ct
319 2291 505 2370 presbyterio
523 2295 551 2349 ct
568 2289 710 2351 diaconis.
749 2290 873 2363 Quidum
891 2298 988 2352 autom
1006 2289 1171 2372 ⁶suspicuti
1187 2299 1265 2372 sunt,

136 2413 202 2469 me,
233 2402 264 2455 ut
289 2395 453 2474 praescium
472 2394 644 2456 schismatis
668 2394 869 2475 quorundum,
902 2396 976 2457 haec
1000 2387 1122 2457 dixisse.
1167 2395 1266 2459 Testis

137 2504 233 2559 eutem
258 2499 326 2558 mihi
349 2499 374 2558 is
399 2506 453 2575 est,
478 2517 533 2581 pro
558 2518 617 2580 quo
643 2500 856 2575 unctuosum,
881 2500 961 2579 quod
986 2518 1002 2562 a
1026 2518 1117 2562 corne
1140 2499 1266 2562 huorono

136 2603 165 2678 id
200 2620 258 2663 non
293 2605 497 2683 cognoverim.
544 2604 602 2668 Scd
627 2605 752 2685 Spiritus
785 2604 985 2681 annuntiavit,
1018 2598 1167 2665 ‘dicensz
1201 2606 1267 2665 sino

137 2706 281 2786 episcopo
299 2706 368 2767 nitri!
387 2706 483 2781 tacite,
507 2726 626 2769 carnem
651 2714 779 2769 vostram
804 2714 834 2768 ut
851 2707 904 2769 Dei
929 2701 1091 2788 'templum
1109 2707 1266 2786 custodite,

137 2811 277 2871 unionem
302 2817 407 2889 emme,
432 2810 551 2874 dissidio
569 2812 672 2896 fugite,
696 2812 858 2875 imitatores
876 2819 941 2875 este
956 2811 1030 2875 Jcsu
1048 2810 1166 2888 Christi,
1189 2814 1268 2875 sicut

138 2920 167 2976 et
192 2916 256 2994 ipse
279 2917 369 2996 patris
393 2917 447 2977 sui.

189 3104 260 3167 vttt.
305 3105 431 3168 Studete
453 3106 573 3169 unitati.
619 3104 759 3167 Christos
783 3104 853 3169 ioco
877 3105 1133 3169 documentorum
1157 3114 1211 3168 est.

226 3226 293 3308 Ego
318 3230 431 3309 itaque,
456 3229 535 3308 qnod
561 3245 655 3289 mcum
680 3233 760 3303 crat,
791 3225 866 3303 icet,
899 3232 929 3286 ut
953 3226 1042 3287 homo
1066 3222 1102 3287 nd
1126 3228 1268 3287 unionem

139 3332 313 3395 destinatus.
359 3334 413 3396 Ubi
438 3342 534 3396 autem
558 3333 665 3394 divisio
690 3340 735 3393 est
759 3336 789 3392 ct
812 3331 871 3404 iro,
895 3329 934 3391 toi
958 3330 1039 3391 Deus
1063 3348 1123 3392 non
1150 3330 1269 3393 inabitat.

140 3437 286 3500 Omnibus
310 3440 400 3519 igitur
423 3440 642 3520 poenitentibus
665 3438 785 3498 remittit
808 3434 899 3505 Deus,
927 3436 951 3496 si
974 3453 1009 3495 se
1033 3441 1208 3497 convertent
1233 3433 1270 3496 nd

139 3542 283 3602 unionem
306 3559 371 3602 cum
396 3541 459 3603 Deo
490 3549 519 3602 et
549 3540 586 3602 ad
610 3540 847 3603 communionem
879 3556 945 3599 cum
971 3539 1122 3618 episcopo.
1171 3537 1271 3601 Credo

140 3637 283 3725 ⁸grattee
298 3643 371 3707 Jcsu
388 3644 505 3722 Christi,
529 3647 579 3725 qui
602 3646 700 3709 solvet
722 3666 737 3707 u
761 3645 847 3707 vobis
872 3662 959 3705 omne
981 3641 1128 3704 vinculum
1142 3636 1164 3701 ⁹.
1204 3641 1271 3704 Otr-

141 3765 233 3809 secro
250 3755 345 3810 autem
363 3767 427 3826 vos,
452 3746 478 3786 ¹⁰
491 3757 522 3811 ut
538 3750 812 3829 nihiteonteotiose
828 3751 931 3832 agatis,
954 3746 1007 3810 scd
1023 3747 1109 3826 juxto
1128 3743 1152 3783 ¹¹
1163 3744 1273 3807 Christi

144 3849 317 3912 doctrinam.
363 3855 457 3928 Quum
481 3854 612 3916 audirem
636 3855 780 3935 quosdam
806 3856 955 3916 dicentes:
989 3852 1045 3913 nisi
1074 3851 1219 3911 invenero
1243 3850 1272 3912 in

148 3950 172 3990 ¹²
184 3957 313 4036 antiquis
336 3959 492 4036 vaticiniis,
514 3956 679 4041 Evangelio
703 3976 764 4021 non
788 3958 890 4037 credo,
913 3964 942 4019 et
965 3956 1082 4018 dicente
1109 3971 1156 4016 me
1180 3953 1273 4036 ipsis:

163 4143 210 4204 11)
229 4141 266 4195 lte
278 4159 336 4196 cnm
349 4138 533 4213 interpolatore
547 4145 694 4215 tegendum.
724 4148 860 4215 Niemeyer
892 4140 1161 4211 (Oppositionuehritt
1191 4139 1217 4203 1,
1248 4139 1274 4192 θ.

146 4229 192 4281 Νι.
210 4236 397 4296 χριῆνομαθίυν.
724 4249 749 4299 p.
775 4231 841 4293 em,
881 4228 1060 4283 verentium
1086 4227 1134 4295 (cte
1162 4228 1275 4294 ignatin-

166 4316 212 4377 ¹²)
247 4314 311 4368 oum
347 4334 403 4369 cum
441 4322 552 4384 Venio,
597 4323 697 4374 Rotieo
725 4332 811 4369 nerum
851 4315 1015 4382 epistolarum
1058 4315 1187 4366 antinomia
1224 4321 1276 4367 ete.

146 4401 278 4469 (Aetione
319 4404 365 4456 der
405 4404 564 4458 christlichen
605 4404 697 4456 Kirche
725 4420 748 4468 ρ.
769 4402 802 4452 56
821 4404 897 4468 non),
918 4403 1069 4455 linteorum
1087 4400 1140 4453 tc.
1160 4399 1274 4466 pust),

146 4506 172 4557 p.
202 4488 265 4551 339)
301 4500 328 4542 et
357 4494 465 4545 Arndtio
498 4493 535 4556 (in
565 4493 698 4546 Uttmenot
725 4491 895 4543 dueoteonne
913 4494 939 4537 et
951 4485 1102 4556 thensetd
1120 4484 1175 4551 (die
1194 4491 1276 4551 epod.

149 4575 273 4641 „Studien
292 4591 315 4627 u.
335 4575 413 4628 uene
443 4576 518 4629 1839.
543 4575 562 4627 Ι.
588 4592 614 4643 p.
636 4577 698 4641 182)
727 4574 803 4625 V'u'ter
821 4589 844 4641 p.
864 4572 928 4635 235)
947 4572 1100 4634 detendunt,
1127 4582 1277 4638 quoequen

148 4661 360 4728 lnterpotetorenr
411 4672 512 4715 reentue
561 4661 698 4714 lectionem
726 4662 807 4712 veteri
836 4658 978 4726 interprete
1009 4655 1088 4707 lutino
1116 4656 1200 4723 agnita
1228 4660 1277 4718 em,

151 4748 246 4800 codicis
267 4763 313 4798 τοι
331 4743 438 4813 ἄρχαίοις
460 4751 485 4799 in
510 4743 611 4813 ἆρχείοις
635 4750 698 4814 (er-
726 4745 883 4799 retinendum
907 4743 1004 4812 putori.
1049 4740 1160 4807 ignotior
1188 4746 1277 4790 contre

151 4837 241 4887 entem
258 4853 294 4884 =
311 4835 489 4901 documentis)
508 4836 610 4885 mutent.
643 4832 699 4885 Me·
727 4836 906 4887 tutetnmtm
924 4829 1003 4881 verbe
1023 4825 1097 4888 tecit,
1122 4828 1163 4895 qni
1183 4822 1279 4877 corint

152 4918 200 4969 lior
235 4934 299 4972 vero
335 4934 363 4970 re
400 4933 524 4986 perpense
563 4919 700 4972 lectionem
728 4920 866 4969 adventum
895 4922 923 4967 et
954 4909 1098 4981 pandonem
1134 4914 1159 4961 in
1195 4913 1280 4965 eeteri

153 5004 259 5072 ecdicii,
278 5020 352 5080 quem
371 5006 490 5060 crunon
506 5003 630 5073 (tinient,
646 5006 701 5073 1⁶),
726 5007 892 5061 wtenento
902 5018 950 5054 eeu
961 5003 986 5054 in
998 4999 1280 5056 „commonueram
