3067 6450
212 1184 239 1241 s
257 1184 406 1258 norrun]
648 1187 902 1244 rnouroouena
1286 1194 1340 1248 um

213 1347 380 1431 Polycarpo
399 1345 430 1432 Ι)
453 1368 513 1415 non
537 1351 632 1414 solum
656 1352 750 1414 amico
775 1353 841 1433 ejus
864 1351 997 1436 ignatio,
1030 1354 1084 1418 sed
1116 1357 1145 1418 et
1168 1354 1223 1435 ipsi
1247 1354 1339 1438 l'olp-

212 1474 304 1537 carpo
329 1455 418 1518 ialsas
441 1465 625 1539 supponeret
648 1458 814 1539 epistolas?
851 1458 897 1520 Dc
920 1460 1089 1523 testimonio
1105 1458 1260 1541 Polycarpi
1283 1461 1337 1523 cir.

210 1559 361 1623 Pecrsors.
384 1561 536 1625 Vindiciae
559 1562 588 1625 P.
611 1563 631 1624 l.
656 1581 680 1624 ο.
705 1561 734 1625 5.
759 1568 788 1622 et
814 1559 957 1639 Uillrorn,
983 1563 1001 1625 l.
1025 1582 1050 1625 c.
1075 1583 1102 1645 p.
1126 1560 1199 1627 276.

299 1662 339 1750 b)
371 1665 401 1729 Si
429 1684 503 1728 uero
536 1667 681 1749 originem
712 1665 902 1746 epistolarum
933 1672 1001 1746 post
1031 1673 1154 1730 mortem
1180 1666 1337 1749 Polycarpi

208 1768 377 1832 transferre
401 1775 431 1832 ct
445 1770 602 1853 Polycarpi
623 1788 744 1851 quoque
763 1770 917 1852 epistolam
933 1773 1062 1853 rejicere
1078 1772 1162 1850 velis,
1185 1772 1336 1836 irenaeus

208 1873 326 1953 obstat,
358 1875 443 1955 cujus
467 1874 648 1955 temporibus
673 1873 817 1954 epistolae
840 1874 907 1936 illae
930 1881 960 1938 et
982 1876 1096 1959 ignatio
1119 1884 1149 1939 et
1171 1878 1336 1961 Polycarpo

208 1977 379 2059 adscriptae
406 1979 468 2061 jam
498 1984 618 2059 praesto
648 1985 742 2040 erant.
793 1978 860 2059 lpse
890 1980 946 2043 illis
976 1983 1173 2051 testimonium
1202 1985 1336 2065 praebet,

208 2087 239 2145 et
262 2082 477 2145 celeberrimus
498 2081 656 2164 Polycarpi
679 2081 842 2162 discipulus
871 2084 900 2145 in
930 2085 986 2147 lrac
1009 2103 1043 2149 re
1066 2086 1126 2150 lulli
1148 2105 1209 2150 non
1233 2089 1335 2170 potuit.
1455 2132 1460 2138 -

206 2186 297 2261 ouoo
322 2187 519 2249 testimonium
535 2185 651 2250 irenaei
673 2186 711 2247 de
735 2186 858 2266 epistola
875 2188 979 2273 ignatii
1002 2189 1037 2253 ad
1054 2189 1204 2255 Romanos
1224 2194 1335 2273 attinet,

206 2292 279 2355 vide
302 2310 391 2374 supra
414 2291 453 2354 lit.
477 2291 505 2355 k.
529 2312 556 2374 p.
579 2291 631 2368 tt;
656 2291 694 2354 de
717 2292 842 2373 epistola
865 2301 962 2357 autem
984 2295 1140 2380 Polycarpi
1163 2297 1199 2359 ad
1222 2297 1336 2379 Philip-

205 2412 318 2480 penses
341 2399 379 2461 ita
402 2396 523 2460 disserit
546 2397 575 2461 S.
599 2396 759 2459 irenaeus:
787 2393 874 2462 Ἔστι
904 2396 941 2462 δὲ
970 2395 1021 2461 καὶ
1049 2393 1204 2487 ἐπιστολὴ
1226 2398 1333 2464 Πολυ-

203 2495 337 2588 κδρπον
359 2498 444 2588 πρὸς
469 2498 709 2585 Φιλιππηοίους
730 2499 924 2587 γεγραμμένη
946 2526 971 2565 κ
993 2526 1021 2566 τ.
1043 2502 1128 2589 il)
1173 2507 1219 2570 De
1247 2507 1335 2571 testi·
1407 2578 1412 2597 ι

203 2608 307 2671 monio
336 2607 451 2670 irenaei
481 2607 534 2670 cir.
559 2608 710 2671 Peurson.
735 2608 888 2673 vindiciae
910 2609 940 2673 P.
967 2608 987 2672 l.
1019 2609 1087 2675 att
1119 2619 1149 2674 et
1182 2613 1332 2692 illituum,

203 2715 273 2778 lc.
298 2732 326 2795 p.
349 2711 414 2777 ert
436 2732 501 2795 sqq.

295 2815 331 2901 ο)
362 2820 479 2882 'l'ertius
510 2819 698 2900 epistolarum
731 2819 948 2903 ignatianarum
981 2822 1064 2885 testis
1093 2820 1256 2886 Lucienus
1287 2829 1333 2886 est

203 2923 441 3003 Samosatensis,
473 2925 523 3005 qui
547 2925 576 2986 in
601 2924 720 3008 dialogo
744 2926 781 2986 de
804 2933 902 2988 morie
925 2925 1087 3007 Peregrini
1110 2927 1214 3009 ignatii
1238 2929 1332 2990 nostri

202 3028 357 3091 historiam
381 3028 520 3092 deridere
543 3030 668 3092 uidetur.
708 3030 889 3112 Peregrinus
914 3029 963 3113 (S.
983 3029 1009 3095 1.
1025 3027 1088 3114 42)
1112 3033 1190 3095 enirn
1211 3033 1331 3113 saepius

201 3127 405 3213 κακοδαίμων
426 3135 612 3214 nominatur,
644 3153 704 3216 quo
732 3136 853 3198 nomine
876 3134 1019 3217 ignatium
1042 3155 1162 3217 quoque
1187 3137 1331 3217 Trajanus

203 3242 318 3305 notauit
341 3237 414 3324 (cir.
439 3241 611 3322 Martyrium
635 3240 740 3321 Ignatii
766 3259 791 3305 c.
816 3240 866 3325 2).
913 3243 1026 3305 Deinde
1049 3244 1230 3325 Peregrinus
1261 3246 1334 3304 tan-'

200 3365 293 3429 quarn
316 3347 484 3425 episcopus
506 3346 684 3408 describitur
707 3342 756 3428 (S.
784 3344 861 3429 11),
894 3353 924 3408 et
951 3346 997 3409 his
1025 3347 1143 3409 verbis:
1177 3341 1211 3409 ἐν
1232 3338 1332 3430 Συρίᾳ

201 3447 340 3515 δεθέντα
364 3447 412 3533 (S.
439 3447 507 3534 18).
552 3451 646 3513 Porro
669 3457 771 3512 narrat
792 3449 940 3513 Lucienus
963 3449 1013 3533 (§·
1039 3448 1118 3535 13),
1148 3450 1331 3513 Christianos

201 3555 336 3621 subsidia
366 3555 484 3617 misisse
514 3557 631 3637 captivo
665 3572 721 3617 suo
751 3554 926 3636 Peregrino.
972 3554 1080 3618 Nonne
1113 3573 1186 3617 vero
1219 3553 1332 3617 haecce

200 3660 322 3724 reieres
351 3660 388 3722 ad
417 3660 553 3741 legatos,
586 3678 662 3740 quos
687 3660 835 3722 Asiaticae
865 3658 1011 3722 ecclesiae
1033 3659 1148 3741 ignatio
1179 3659 1333 3722 mittebant

201 3766 404 3849 gratulaturus
436 3761 518 3847 (ign.
547 3764 583 3826 ad
608 3764 680 3846 Eph.
704 3783 729 3826 c.
755 3763 782 3826 1.
806 3764 835 3827 2.
868 3762 905 3825 ad
929 3764 1028 3845 llagn.
1053 3782 1078 3827 c.
1102 3762 1168 3846 2)?
1214 3763 1331 3829 Summa

202 3888 278 3933 uero
293 3871 454 3932 acerbitate
468 3870 613 3950 ignatium
629 3870 722 3949 carpit
738 3870 871 3950 martyrii
887 3875 1083 3950 appetentem.
1115 3869 1207 3942 Quasi
1225 3887 1331 3931 aunen-

201 3980 262 4038 tem
293 3976 372 4037 enim
402 3968 583 4051 κενοδοξίαν
613 3973 731 4036 deridet
759 3974 889 4036 nobilem
921 3974 986 4054 ejus
1010 3973 1180 4051 feruorem,
1212 3978 1242 4034 et
1265 3991 1332 4036 cum

202 4078 335 4161 ignatius
358 4077 492 4141 hortatus
516 4077 604 4143 luerit
628 4077 783 4155 ecclesius,
811 4084 842 4139 ut
864 4079 1019 4140 mitterent
1037 4078 1238 4160 gratulatores
1263 4079 1330 4141 An·

200 4184 341 4245 tioclriam
372 4178 455 4265 (ign.
479 4182 515 4245 ad
539 4184 647 4246 Philad.
671 4201 696 4246 c.
723 4181 772 4246 10.
805 4181 842 4244 ad
865 4182 964 4262 Polpc.
988 4201 1013 4243 c.
1039 4183 1057 4245 7
1083 4180 1167 4263 sip),
1200 4184 1331 4247 vicissim

200 4288 239 4351 de
261 4288 429 4368 Peregrina
456 4287 533 4367 apud
557 4288 716 4349 lucianum
746 4288 784 4350 ita
815 4293 878 4350 est:
910 4282 993 4372 φαοὶ
1015 4281 1051 4348 δὲ
1074 4277 1196 4359 πάσαις
1216 4283 1331 4366 σχεδόν

201 4394 280 4467 ταῖς
296 4386 441 4467 ἐνδόξοις
461 4385 592 4456 πόλεσιν
609 4387 782 4463 inaratae
796 4385 983 4475 διαπέμψαι
997 4382 1092 4453 adada
1176 4386 1229 4453 καί
1243 4412 1330 4465 τινας

201 4492 257 4561 tut
271 4493 378 4579 νοδιιρ
393 4492 591 4580 πρεσβευτὰς
605 4495 669 4558 τῶν
683 4489 821 4581 ἑταίρων
843 4488 1148 4579 ἐχειροτόνησε,
1170 4516 1328 4582 νεκραγ-
1451 4510 1460 4518 “

201 4595 344 4682 petora
368 4595 421 4664 arai
448 4591 809 4687 νερτεροδρόμους
835 4596 1094 4686 προσαγορεύσας
1116 4597 1165 4683 (S.
1188 4598 1269 4684 lt),
1300 4608 1331 4663 at

238 4862 264 4931 1)
285 4862 375 4915 Mediis
400 4861 468 4915 culm
491 4860 548 4914 Sec.
569 4860 600 4914 il.
628 4862 753 4930 tempori·
782 4860 831 4915 rius
851 4861 989 4914 contendit.
1020 4857 1071 4914 cu.
1090 4875 1165 4927 supra
1182 4854 1328 4924 pittvttt.

204 4946 258 5013 lons,
271 4967 335 5019 ergo
352 4953 457 5002 vivente
472 4949 555 5002 adhuc
567 4949 592 5000 S.
603 4947 752 5017 Polprmpm,
816 4949 844 5012 2)
864 4949 928 4999 Αδι.
949 4948 1017 4999 haer.
1033 4946 1073 4998 lll.
1086 4944 1112 4997 3.
1140 4943 1216 5011 Αριιδ
1228 4944 1328 4997 Eunt.

205 5038 325 5105 spistolus
342 5047 443 5092 nostrus
462 5037 594 5090 coniectas
611 5052 668 5090 esse
682 5035 751 5089 liau-
780 5035 843 5089 liist.
864 5035 926 5088 cccl
944 5034 988 5100 tt,
1009 5032 1050 5084 tt.
