3067 6450
383 1195 521 1248 llEllllAE
539 1193 674 1248 PASTOR.
711 1194 808 1248 blBEll
826 1195 846 1248 l.
883 1195 967 1250 VISIO
985 1197 1004 1250 l.
1192 1200 1256 1265 323

136 1355 193 1419 ¹ab
218 1354 311 1436 aquis.
358 1356 516 1436 Quumque
536 1356 709 1419 transissem
728 1355 825 1418 locum
845 1356 936 1434 illum,
959 1355 1027 1419 veni
1043 1356 1079 1418 ad
1096 1356 1256 1439 planitiem,

133 1469 163 1523 et
178 1461 307 1544 genibus
322 1461 427 1541 positis
444 1461 530 1542 coepi
547 1478 636 1524 orare
651 1459 817 1538 Dominum,
843 1466 872 1522 et
888 1460 1022 1523 confiteri
1041 1468 1162 1542 peccata
1182 1478 1257 1523 mea.

131 1565 169 1628 Et
193 1571 298 1628 orante
321 1584 368 1627 me
390 1571 523 1647 apertum
553 1572 600 1629 est
627 1564 760 1641 coelum,
792 1570 822 1625 et
850 1563 941 1625 video
969 1563 1140 1643 mulierem,
1172 1584 1259 1646 quam

132 1672 379 1750 concupiveram,
410 1670 584 1732 salutantem
614 1690 661 1732 me
694 1669 731 1731 de
755 1670 841 1733 coelo
865 1676 894 1731 et
917 1669 1080 1732 dicentem:
1112 1672 1258 1752 ,Herma

131 1777 219 1840 ave.“
265 1775 302 1837 Et
325 1792 383 1855 ego
406 1775 595 1855 prospiciens
618 1775 706 1853 illam,
730 1774 797 1837 dico
817 1775 861 1835 ei:
888 1773 1036 1854 ,domina
1060 1776 1129 1856 quid
1146 1783 1176 1838 tu
1192 1777 1260 1839 heic

132 1878 251 1941 lacis?“
297 1879 337 1942 at
360 1878 408 1940 illa
431 1878 585 1959 respondit
607 1880 693 1941 milri:
730 1886 871 1959 ,recepta
894 1897 960 1941 sum
983 1878 1059 1958 huc,
1084 1886 1115 1942 ut
1137 1888 1259 1961 peccata

133 1991 182 2047 tua
206 2002 328 2066 arguam
351 1983 428 2063 apud
453 1983 639 2046 Dominum.“
688 1983 862 2063 ,Domina‚“
887 1983 1017 2064 inquam,
1045 2002 1134 2061 ,num
1158 1990 1260 2048 turne

131 2088 288 2169 argues‘t“
320 2086 459 2166 ⁸,Non,“
485 2088 587 2170 inquit.
635 2087 714 2168 ,Sed
738 2087 807 2149 audi
831 2089 940 2166 verba,
970 2106 1047 2169 quae
1071 2088 1121 2150 tibi
1145 2088 1259 2151 dictura

86 2228 93 2240 -
130 2210 207 2253 sum.
254 2191 352 2269 Deus,
384 2192 435 2272 qui
462 2192 492 2253 in
518 2192 611 2254 coelis
634 2192 764 2268 habitat,
797 2198 826 2252 et
850 2188 1008 2255 ²condidir
1035 2211 1074 2254 ex
1098 2192 1188 2256 nihilo
1212 2212 1259 2272 ea,

131 2314 210 2376 quae
242 2302 326 2373 sunt,
361 2302 391 2358 et
420 2295 620 2377 multiplicavit
653 2303 778 2378 propter
811 2304 942 2359 sanctam
977 2296 1132 2359 ecclesiam
1164 2315 1258 2377 suam,

132 2401 270 2463 irascitur
293 2401 362 2477 tibi,
396 2402 534 2482 quoniam
558 2400 689 2483 peccasti
712 2401 742 2462 in
765 2401 842 2461 me.“
888 2398 1086 2481 Respondeas
1113 2401 1181 2464 dico
1213 2403 1258 2465 ei:

134 2505 283 2584 ,domina
306 2505 331 2567 si
355 2505 384 2566 in
408 2510 437 2566 to
460 2523 520 2588 ego
541 2506 674 2587 peccavi,
696 2504 757 2582 ubi,
780 2511 830 2566 aut
846 2523 906 2585 quo
923 2506 952 2567 in
967 2505 1047 2584 loco,
1072 2513 1122 2568 aut
1138 2506 1259 2587 quando

132 2611 184 2673 tibi
207 2616 294 2690 turpe
317 2610 440 2671 verbum
465 2608 584 2690 aliquod
607 2609 724 2672 locutus
741 2607 832 2671 sum?
868 2609 977 2671 Nonne
992 2627 1113 2693 semper
1129 2616 1159 2671 te
1175 2611 1260 2690 quasi

132 2713 280 2777 dominam
303 2714 462 2776 arbitratus
485 2714 575 2775 sum?
620 2713 727 2775 Nonne
748 2730 868 2794 semper
890 2719 919 2774 te
934 2714 1084 2776 reveritus
1100 2731 1164 2776 sum
1181 2715 1261 2778 volut
1356 2708 1380 2762 'a

131 2817 296 2881 sororem?
336 2817 411 2891 Quid
436 2818 466 2878 in
483 2836 530 2880 me
547 2817 782 2880 comminisceris
799 2816 874 2879 baec
889 2824 946 2879 tam
964 2815 1137 2880 netanda‘l“
1177 2819 1261 2882 Tunc
1371 2892 1375 2897 ,

131 2923 180 2985 illa
211 2921 348 2984 arridens
379 2921 449 2983 mihi
477 2921 533 2981 ait:
568 2922 625 2998 ,in
657 2921 749 2996 corde
781 2929 832 2985 tuo
863 2922 996 2986 ascendit
1019 2925 1260 3005 concupiscentia

131 3028 293 3108 nequitiae.
338 3025 470 3088 Annon
495 3024 612 3088 videtur
635 3025 704 3101 tibi,
736 3026 801 3087 viro
828 3026 911 3106 justo
942 3045 1005 3089 rem
1028 3028 1157 3108 iniquam
1181 3045 1260 3108 esse,

131 3130 157 3194 si
180 3129 351 3192 ascenderit
373 3129 403 3191 in
426 3128 519 3193 corde
549 3129 625 3191 mala
657 3130 925 3210 concupiscentia?
968 3132 1124 3194 Peccatum
1152 3133 1258 3211 celei,

132 3244 162 3300 et
193 3235 311 3317 quidem
343 3234 467 3317 grande.
512 3235 615 3299 iustus
646 3234 724 3297 enim
754 3234 801 3295 vir
832 3234 909 3315 justa
935 3237 1056 3317 cogitat.
1100 3234 1257 3317 cogitante

131 3358 209 3422 ergo
232 3340 293 3417 illo,
316 3357 393 3420 quae
412 3340 493 3420 justa
517 3347 596 3418 sunt,
620 3345 649 3402 et
671 3345 756 3402 recte
779 3356 816 3401 eo
832 3337 1001 3417 incedente,
1024 3340 1053 3401 in
1073 3339 1165 3401 coelis
1180 3357 1257 3419 pro-

130 3446 235 3526 pitium
269 3442 388 3506 babebit
421 3443 578 3507 Dominum
612 3444 642 3505 in
677 3443 756 3505 omni
791 3443 913 3525 negotio
946 3460 1013 3506 suo.
1070 3443 1126 3517 Oui
1160 3448 1256 3505 autem

129 3546 260 3611 nelauda
273 3546 406 3630 cogitant
418 3548 448 3608 in
462 3546 603 3610 cordibus
615 3550 688 3626 suis,
704 3554 829 3610 mortem
842 3552 872 3608 et
883 3548 1079 3629 captivitatem
1090 3553 1256 3623 assumunt;

131 3652 261 3714 maxime
277 3651 307 3729 ii,
331 3651 380 3731 qui
397 3650 530 3712 seculum
546 3651 604 3713 hoc
620 3650 754 3734 diligunt,
778 3657 808 3712 et
829 3651 995 3735 gloriantur
1013 3652 1043 3711 in
1060 3650 1169 3713 divitiis
1184 3652 1256 3730 suis,

130 3754 226 3835 etqui
245 3772 306 3817 non
324 3759 498 3842 exspectant
510 3752 608 3818 lutura
621 3755 717 3817 bona:
735 3762 896 3817 vacuantur
909 3756 1024 3817 animae
1039 3772 1151 3818 eorum.
1175 3755 1258 3817 llaec

131 3863 230 3922 autem
253 3856 366 3937 iaciunt
388 3854 504 3937 ³dubtt,
528 3861 578 3940 qui
601 3876 662 3921 non
684 3858 793 3921 habent
813 3877 896 3940 spem
917 3859 947 3921 in
964 3859 1103 3939 Domino,
1126 3864 1156 3920 et
1178 3875 1256 3920 con-

131 3967 267 4024 temnunt
290 3968 320 4023 et
341 3961 499 4045 negligunt
523 3963 611 4025 vitam
633 3980 727 4024 suam.
773 3962 832 4026 Sed
856 3969 888 4025 tu
912 3981 965 4026 ora
987 3962 1023 4025 ad
1040 3963 1205 4041 Dominum,
1227 3968 1258 4025 et

129 4064 249 4128 sanabit
262 4071 384 4147 peccata
400 4072 458 4145 tua,
475 4067 625 4147 totiusque
641 4065 746 4129 domus
763 4071 841 4145 tuae,
864 4070 894 4127 et
909 4068 1039 4129 omnium
1055 4064 1255 4129 sanctorum.“

217 4167 251 4229 ll.
286 4168 444 4248 Postquam
461 4174 557 4231 autem
574 4169 671 4232 locuta
689 4177 735 4231 est
751 4169 843 4231 verba
858 4169 942 4248 haec,
966 4169 1060 4233 clausi
1083 4176 1152 4233 sunt
1170 4169 1257 4234 coeli.

129 4271 166 4335 Et
191 4290 252 4355 ego
277 4277 355 4334 totus
378 4290 460 4335 eram
483 4273 512 4335 iu
536 4290 676 4335 moerore
699 4279 729 4334 et
751 4278 848 4351 metu,
880 4278 910 4334 et
939 4272 1072 4336 dicebam
1094 4274 1170 4337 intra
1193 4293 1256 4336 me:

131 4376 177 4456 ,si
201 4375 260 4438 boc
282 4375 351 4437 mihi
373 4381 526 4458 peccalum
546 4376 732 4455 adscribitur,
756 4395 815 4458 quo
831 4375 920 4440 modo
936 4383 1042 4459 potero
1061 4378 1160 4442 salvus
1177 4396 1257 4457 esse,

129 4488 181 4545 aut
204 4480 377 4562 quomodo
402 4482 536 4544 exorabo
560 4482 717 4545 Dominum
747 4498 802 4563 pro
832 4469 1069 4563 peccatis'meis
1099 4479 1257 4545 abundan-

130 4583 277 4647 tissimis?
322 4584 436 4658 Quibus
467 4587 568 4649 verbis
597 4586 712 4669 rogabo
743 4586 920 4666 Dominum,
950 4594 982 4649 ut
1015 4586 1084 4649 mihi
1112 4584 1256 4666 propitius
1283 4663 1286 4671 .

130 4688 213 4752 rit?“
259 4688 342 4750 llaec
362 4707 409 4751 me
433 4690 619 4774 recogitanta
641 4698 672 4753 et
694 4689 885 4753 discernente
901 4692 931 4752 in
951 4691 1043 4753 corde
1064 4706 1142 4766 meo,
1166 4687 1256 4749 video

167 4841 232 4906 ltl.
252 4858 276 4895 e.
294 4852 404 4912 propter
420 4862 512 4913 aquae.
707 4844 793 4895 laudat
811 4847 938 4914 Origenes
959 4841 1029 4894 Tum.
1042 4841 1271 4895 Tecmonem

164 4928 195 4997 2)
213 4928 317 4981 emm
342 4944 373 4981 ex
397 4929 477 4983 nihilo
496 4929 560 4981 infra
578 4946 680 5000 quoque
706 4928 797 4983 Joanu.
818 4931 838 4994 l,
862 4932 883 4981 t.
904 4929 932 4980 T
951 4930 975 4979 2
995 4946 1019 4996 p.
1041 4927 1081 4980 1⁷.
1101 4926 1141 4978 ed.
1161 4925 1237 4980 llaet.

131 5014 281 5068 doeetarrb.
298 5014 330 5068 ll
350 5015 434 5071 Hand.
450 5016 469 5071 l.
506 5016 578 5069 Hauc
595 5016 680 5069 locum
743 5015 771 5085 3)
789 5018 907 5084 alpago.
943 5015 995 5067 Cir
1015 5012 1080 5066 intra
1098 5014 1149 5066 vu.
1168 5012 1212 5080 lll,
1231 5013 1255 5065 t.

975 5100 1048 5167 21*
