3067 6450
301 1186 423 1242 taurum
440 1184 598 1240 claraus
616 1187 661 1240 AD
681 1186 894 1242 TRALLIANOS.
913 1187 954 1242 XI.
972 1188 1024 1243 xa.
1043 1189 1106 1246 xm
1206 1194 1269 1259 195

274 1436 323 1499 Xl.
367 1437 476 1517 Fupitc
497 1435 678 1513 mortiferas
699 1435 892 1501 Docelaram
912 1439 1137 1517 plantationes.

232 1557 338 1640 Fugite
366 1576 442 1642 crgo
471 1559 563 1621 malas
590 1560 791 1641 propagines,
825 1578 901 1641 quae
932 1561 1060 1644 gignunt
1085 1561 1270 1626 mortiterum

142 1663 291 1739 fructum,
316 1682 404 1743 quem
427 1666 452 1725 si
476 1665 541 1745 quis
564 1666 703 1747 gustarit,
738 1665 833 1726 statim
857 1665 989 1727 moritur.
1033 1666 1085 1729 lsti
1108 1668 1186 1729 enim
1209 1686 1270 1730 non

142 1774 213 1829 sunt
240 1766 402 1849 ¹plantatio
426 1767 528 1830 Patris.
575 1769 606 1831 Si
629 1770 707 1830 enim
730 1774 841 1846 essent,
870 1778 1049 1850 apparerent
1073 1772 1174 1851 utique
1197 1771 1271 1833 rami

143 1872 253 1950 crucis,
277 1879 307 1933 et
329 1877 409 1934 esset
432 1873 533 1952 utique
558 1871 672 1934 lractus
696 1873 812 1936 illarum
836 1873 1075 1954 incorruptibilis.
1116 1874 1173 1937 Por
1195 1875 1271 1938 hanc

144 1993 265 2037 crucem
288 1975 420 2037 Christus
444 1977 473 2037 in
497 1978 637 2057 passione
661 1996 714 2039 sua
739 1977 842 2038 invitat
867 1995 938 2054 vos,
970 1979 1020 2058 qui
1044 1979 1115 2039 estis
1140 1980 1270 2041 membra

144 2082 221 2162 ejus.
265 2080 331 2142 Non
365 2086 460 2161 polest
494 2081 583 2162 igitur
615 2087 702 2162 caput
734 2098 872 2143 seorsum
907 2082 989 2142 nasci
1020 2082 1086 2144 siae
1121 2084 1270 2163 membris,

144 2186 285 2247 unionem
309 2186 499 2266 prominente
522 2185 597 2265 Deo,
620 2182 699 2266 iqui
724 2186 789 2266 ipse
812 2190 859 2247 est
881 2186 960 2248 unia.

374 2374 434 2437 llll.
480 2375 601 2438 llanrte
624 2376 657 2437 ia
679 2375 802 2437 unitate
824 2383 855 2437 ct
878 2376 1040 2439 claritate.

233 2497 336 2561 Saluto
359 2514 414 2559 vos
431 2488 456 2560 'e
478 2496 614 2579 Smyrna,
636 2515 762 2560 unacum
786 2497 923 2559 ecclesiia
940 2496 1006 2577 Dei,
1030 2514 1107 2579 quae
1131 2494 1270 2560 ³mccum

144 2608 225 2680 sunt,
248 2597 349 2682 ⁴quoe
372 2604 401 2664 in
424 2603 561 2665 omnibus
584 2620 631 2664 are
651 2607 826 2664 recrearunt
841 2600 940 2681 arraad
957 2617 1066 2684 corpus
1083 2607 1112 2662 et
1127 2601 1269 2682 spiritum.

143 2705 269 2768 Vincula
286 2724 359 2776 mea,
385 2702 486 2787 ⁵quae
501 2711 626 2787 propter
640 2705 743 2768 Jesam
758 2704 905 2767 Christum
923 2703 998 2785 lero,
1023 2723 1077 2767 vos
1093 2704 1269 2768 obsecrant:

143 2814 318 2892 permanete
341 2811 370 2871 in
393 2808 556 2873 concordia
579 2817 679 2872 vestra
702 2816 733 2871 et
756 2811 893 2872 oratione
916 2817 1024 2872 mutua.
1070 2809 1164 2871 Decet
1192 2808 1270 2870 enim

143 2914 281 2996 singulas
303 2920 446 2991 vestrum,
470 2920 500 2975 ct
522 2915 683 2994 praecipue
698 2914 903 2997 presbyterae,
926 2930 1067 2977 recreare
1088 2912 1270 2994 episcopum,

143 3019 173 3080 ia
197 3018 344 3081 honorem
367 3018 480 3096 Patris,
509 3016 583 3080 Jesu
608 3017 716 3080 Christi
738 3024 769 3080 ct
791 3017 1013 3100 Apostolorum.
1059 3014 1154 3097 Opto,
1186 3022 1217 3077 ut
1241 3016 1270 3078 in

144 3121 287 3184 charitate
310 3140 358 3184 me
380 3120 514 3200 audiatis,
538 3140 587 3201 ne,
610 3117 711 3185 ⁶lracc
733 3122 880 3201 scribens,
903 3123 932 3185 in
948 3121 1149 3186 testimonium
1167 3125 1270 3182 contra

144 3244 199 3289 ros
222 3229 288 3290 sim.
332 3227 392 3292 Sed
416 3233 446 3288 et
469 3233 553 3290 orate
567 3245 623 3309 pra
640 3245 697 3306 me,
722 3228 772 3308 qui
788 3227 818 3288 in
835 3226 889 3289 Dei
905 3225 1108 3290 misericordia
1128 3222 1270 3286 charitate

142 3336 243 3393 vestra
266 3329 405 3415 indigeo,
435 3338 466 3394 ut
490 3330 599 3413 dignas
622 3331 688 3394 lram
710 3332 761 3413 qui
784 3348 929 3413 assequar
951 3339 1064 3395 sortem
1097 3323 1194 3391 'milri
1219 3330 1270 3390 iu·

141 3439 279 3516 stantem,
302 3452 341 3497 ae
364 3435 512 3517 reprobus
534 3434 678 3499 inveniar.

293 3623 365 3689 Xlll.
416 3624 531 3702 Voletc,
557 3633 645 3689 orata
665 3643 727 3703 pro
752 3624 887 3689 coclerio
907 3625 1031 3707 Syriae,
1055 3633 1110 3687 etc.

229 3744 340 3807 Salutat
355 3762 411 3808 vos
427 3745 554 3810 charitas
571 3748 802 3828 Smyrnaeorum
822 3755 851 3809 et
868 3746 1075 3829 Ephesiorum.
1120 3746 1269 3808 liemarcs

144 3853 241 3910 estote
256 3848 287 3910 in
304 3850 439 3911 omnibus
456 3851 638 3914 orationibus
653 3851 763 3913 uestris
780 3851 937 3929 ecclesiae,
960 3869 1038 3932 quae
1058 3856 1104 3912 est
1119 3852 1148 3912 in
1164 3849 1250 3930 Syria
1259 3867 1269 3923 ;

144 3950 180 4013 de
203 3969 262 4032 qua
286 3955 316 4013 et
330 3970 438 4016 nomen
454 3953 567 4017 habere
583 3972 643 4018 non
660 3972 725 4017 sum
742 3953 861 4036 dignus,
885 3955 936 4036 qui
951 3956 1006 4016 sim
1022 3972 1125 4016 eorum
1142 3952 1268 4015 ultimus.

143 4054 248 4118 valete
269 4055 298 4117 ia
321 4054 396 4120 lesu
417 4057 547 4137 Christo,
570 4058 697 4140 subjecti
720 4059 863 4140 episcopo
887 4066 919 4120 ut
941 4051 1022 4119 ⁸llei
1045 4063 1216 4139 praecepto,
1239 4061 1271 4117 et

143 4160 277 4223 simililer
299 4163 499 4245 presbyteria.
545 4161 590 4226 Ac
613 4164 783 4247 singillatim
801 4178 905 4225 omnes
921 4161 996 4224 alter
1011 4159 1135 4223 alterum
1156 4158 1269 4241 diligite

177 4316 206 4379 6)
225 4311 267 4364 'Er
295 4312 353 4379 ὑμῖν
377 4313 469 4383 γράψας
492 4316 538 4368 clr.
557 4316 637 4387 ignat
661 4317 693 4369 ad
721 4320 825 4381 calopus.
862 4312 982 4367 Nonnulli
1008 4322 1143 4367 mutarunt.
1180 4314 1268 4368 vas-

142 4400 239 4454 Philan.
260 4418 283 4454 c.
302 4402 332 4452 6:
360 4399 387 4449 ir
404 4394 439 4458 οἷς
455 4399 563 4466 luitpr,
582 4399 692 4470 εὔχομαι,
720 4407 776 4459 liae
794 4402 855 4474 legit
867 4396 1017 4468 naprirrrrpm,
1036 4402 1054 4455 i.
1066 4417 1090 4454 e.
1102 4404 1269 4471 propinquus

138 4487 180 4536 tra
198 4484 234 4552 rvi
251 4486 283 4544 ds
299 4485 427 4555 μαρτύριον
445 4481 505 4536 oiri
522 4484 662 4550 calaorra.
719 4508 782 4543 eam
795 4511 827 4539 =
841 4506 918 4558 quarn
934 4489 1083 4558 propediem
1102 4501 1269 4554 consequar-5

175 4575 206 4640 7)
225 4573 262 4626 lta
281 4573 326 4625 lla.
358 4573 497 4626 construo:
516 4575 696 4638 καταξιωθῆναί
719 4578 868 4630 Smitlriaer
892 4570 1031 4642 incitatum,
1057 4576 1102 4627 rai
1124 4571 1268 4637 cotiraco,-

141 4678 173 4724 με
190 4658 316 4727 ἐπιτυχεῖν
332 4664 378 4711 τοῦ
388 4657 464 4726 elipe,
482 4655 511 4709 ὃν
523 4660 584 4729 (per
595 4668 692 4712 attrrc·
718 4665 890 4716 Bussenius:
908 4648 967 4727 irrep
978 4659 1083 4727 lyranus
1095 4655 1219 4722 ἐπιτυχεῖν
1230 4675 1265 4702 .-.

142 4748 237 4800 tionem
263 4745 390 4810 Reatini,
415 4733 456 4810 οὗ)
479 4749 612 4814 περίκειμαι
630 4749 647 4798 i.
667 4763 691 4799 e.
719 4749 801 4814 cajus
817 4750 949 4818 particeps
966 4751 1025 4816 pert
1042 4747 1144 4799 eculeo.

141 4843 255 4900 caten,
282 4849 361 4903 qaam
378 4835 482 4887 circam
498 4850 540 4887 nce
557 4836 637 4887 mmo
657 4853 691 4884 =
753 4834 782 4898 8)
801 4832 853 4886 Clr.
867 4832 899 4885 ad
912 4832 993 4901 liugn.
1007 4830 1057 4882 αἳ
1072 4838 1098 4881 et
1113 4829 1137 4879 4.
1157 4834 1210 4878 not.
1226 4823 1266 4876 1⁰.

143 4939 191 4989 pao
216 4920 401 4975 ctrwnrlaar
428 4937 498 4974 earn.
540 4918 591 4972 Clr.
618 4923 692 4975 Nolle
718 4918 750 4971 ari
768 4917 843 4972 lrnll.
863 4935 886 4970 c.
906 4917 930 4969 ³.

141 5002 158 5056 1.
168 5022 190 5059 c.
209 5023 235 5077 p.
249 5005 313 5072 ²33,
333 5005 377 5074 qui
395 5007 471 5058 ctiam
485 5005 601 5072 conjicit:
621 5022 691 5074 napt-

989 5089 1027 5125 ω
1040 5091 1059 5125 n
