3067 6450
204 1200 249 1256 xil
641 1194 897 1251 rauisuuuarm.
1159 1190 1334 1268 [EHSTOLA

204 1365 344 1423 notantur
367 1350 669 1443 (ψευδεπίγραφοι).
713 1357 924 1439 Hieronymum
948 1357 1042 1437 priori
1065 1374 1157 1420 sensu
1178 1358 1335 1421 barnabae

206 1464 360 1547 epistolam
393 1463 592 1545 apocrypham
625 1462 794 1543 appellasse
826 1468 921 1544 patet,
959 1480 1048 1543 quum
1082 1481 1147 1524 earn
1178 1463 1335 1526 Barnabae

206 1566 325 1650 quidem
348 1567 506 1646 adscribat,
530 1572 558 1629 et
581 1567 769 1630 nibilominus
788 1568 866 1629 inter
882 1567 1070 1649 apocryphas
1086 1568 1250 1647 scripturas
1268 1586 1334 1630 earu

205 1671 311 1735 lectam
335 1689 404 1735 esse
427 1672 595 1734 contendat

294 1776 473 1839 Testimonia
494 1777 584 1859 igitur
603 1776 783 1855 scripturum
799 1775 986 1854 antiquorum
1002 1774 1171 1838 authentiae
1187 1776 1334 1858 epistulae

206 1878 310 1943 favere
333 1900 421 1944 nemu
445 1882 574 1964 negabit.
612 1879 808 1942 Nihilominus
831 1896 892 1941 non
915 1880 1031 1942 iuribus
1053 1881 1124 1943 moti
1147 1884 1334 1964 argumentis

206 2004 271 2050 acm
294 1988 459 2068 apostolico
483 1988 548 2049 viru
572 1983 798 2066 abjudicandam
821 2001 988 2046 censemus.

297 2090 323 2155 1.
347 2092 378 2156 Si
401 2090 527 2172 epistola
550 2096 652 2150 nostra
675 2089 711 2149 ab
735 2089 862 2169 antiquis
886 2107 940 2170 pro
964 2089 1132 2151 authentica
1154 2089 1262 2154 luisset
1280 2111 1335 2155 re-

205 2202 322 2278 putata,
353 2202 436 2256 certe
460 2196 536 2256 inter
559 2192 651 2255 libros
674 2195 836 2255 canonicus
861 2213 896 2255 ea
920 2194 1092 2275 legeretur3
1122 2196 1199 2257 sieut
1222 2195 1335 2279 Augu·

205 2303 301 2363 atinus
317 2299 355 2360 de
371 2297 560 2380 Apocrypbis
576 2296 717 2359 Andreae
733 2303 763 2359 et
777 2297 903 2362 loannis
919 2299 1006 2361 dicit:
1027 2301 1057 2362 ri
1074 2300 1200 2362 illorum
1216 2310 1334 2379 errent,

204 2413 332 2483 recepto
353 2412 456 2465 careat
479 2401 518 2462 ub
542 2402 677 2462 ecelesia
697 2399 734 2484 ¹).

294 2508 324 2571 2.
356 2507 518 2587 Epistulam
548 2511 679 2568 nostram
706 2515 783 2587 post
810 2508 999 2570 eversionem
1023 2507 1250 2590 Hierosolymae
1274 2528 1335 2571 ex-

206 2620 318 2675 aratam
345 2630 431 2691 esse,
464 2631 503 2674 ex
526 2629 590 2692 cap.
616 2607 655 2675 16
680 2609 767 2674 facile
792 2613 956 2694 conjicitur.
1002 2611 1061 2675 Sed
1091 2631 1183 2693 supra
1210 2631 1238 2694 p.
1263 2614 1336 2675 Vlll.

206 2718 247 2780 lit.
267 2716 296 2798 l)
320 2717 456 2794 vidimus,
480 2716 643 2778 Barnabam
667 2716 733 2777 sine
752 2716 847 2779 dubio
869 2722 940 2777 tunc
962 2718 1103 2797 temporis
1126 2735 1187 2780 nou
1211 2718 1336 2800 amplius

205 2822 236 2884 in
259 2825 334 2885 uiris
358 2822 489 2904 degisse.

293 2924 322 2989 3.
357 2925 458 3007 Capite
473 2923 493 2988 5
510 2923 648 3005 Apostoli
663 2918 744 3008 ὑπὲρ
760 2926 867 2985 πᾶσαν
881 2910 1040 3008 ἁμαρτίαν
1053 2912 1251 3011 ἅνομῶτεροι
1274 2945 1336 2990 vo·

206 3037 319 3095 cantur.
359 3030 440 3092 Talia
457 3030 628 3106 Barnabam,
650 3027 864 3110 Apostolorum
881 3030 1006 3106 socium,
1026 3027 1139 3091 dixisse
1155 3030 1207 3092 vix
1223 3038 1335 3111 putem.

206 3138 265 3201 Ista
288 3144 386 3198 autem
406 3133 569 3216 hyperbole
587 3132 678 3194 multo
695 3133 789 3213 magis
805 3131 929 3194 secundi
945 3133 1039 3194 seculi
1056 3133 1208 3196 rhetorem
1224 3135 1334 3215 prudit.

294 3238 323 3305 4.
355 3242 439 3316 Quae
455 3241 551 3320 capite
571 3236 610 3300 10
626 3238 810 3299 incredibilia
834 3237 872 3299 de
899 3236 1013 3318 lepore,
1037 3237 1152 3319 hyaena
1176 3245 1231 3301 etc.
1256 3257 1334 3320 pru·

206 3348 351 3427 feruntur,
374 3346 469 3431 magis
492 3351 669 3427 nugatorem
691 3341 948 3426 allegorizantur,
972 3360 1058 3423 quam
1076 3343 1261 3424 Apostolum
1277 3363 1333 3408 ra·

207 3452 318 3516 dolent.

293 3554 322 3620 5.
346 3555 505 3633 Barnabas,
521 3552 572 3628 uui
587 3551 758 3633 provincias
769 3550 860 3614 Asiae
871 3551 994 3615 minoris
1010 3558 1235 3634 peragraverat,
1253 3553 1333 3615 mul·

204 3665 315 3740 tuaque
331 3678 425 3722 annos
440 3658 618 3721 Antiochiae
633 3657 662 3717 in
679 3657 764 3738 Syria
781 3658 907 3733 uixerat,
927 3656 1004 3719 bene
1021 3663 1205 3738 compertum
1221 3657 1334 3719 babere

206 3761 318 3843 debuit,
342 3762 447 3824 laisum
470 3760 499 3821 id
523 3778 601 3837 esse,
626 3759 704 3839 quod
722 3758 854 3840 capitali
871 3759 1042 3840 affirmatur,
1065 3779 1169 3825 omnes
1184 3762 1334 3824 idolorum

206 3867 384 3932 sacerdotes
408 3866 562 3947 Syrosque
585 3881 689 3925 omnes
711 3882 782 3926 esse
806 3864 1007 3927 circumcisos.

295 3968 325 4035 6.
354 3968 531 4033 Innumerae
553 3967 717 4051 allegoriae
741 3969 936 4052 nugatoriae,
966 3969 1141 4051 praesertim
1165 3986 1190 4031 c.
1215 3965 1333 4047 5—11,

205 4077 317 4142 abillo
341 4094 401 4138 nun
424 4080 550 4157 possunt
574 4090 644 4136 esse
666 4076 873 4156 conscriptae,
907 4073 958 4154 qui
989 4079 1113 4153 propter
1142 4072 1334 4153 eloquentiae

203 4182 347 4247 ardorem
372 4180 407 4243 ab
432 4179 583 4261 Apostolis
606 4188 703 4270 mutin?
729 4192 773 4259 ap
797 4188 843 4243 est
865 4174 1040 4262 appellatus.
1079 4209 1081 4214 ·

296 4303 324 4366 7.
348 4300 455 4377 Quoad
478 4317 582 4363 sacros
604 4298 786 4365 ludaeorum
809 4304 884 4366 ritus
909 4301 980 4363 ials'a
1000 4297 1146 4379 quaedam
1162 4300 1191 4360 in
1208 4297 1334 4379 epistola

200 4414 310 4470 nostra
333 4424 358 4469 c.
379 4407 398 4469 7
422 4402 930 4487 et81eguntur,quaabeuitum
953 4404 1126 4481 Barnabam,
1149 4403 1200 4484 qui
1223 4401 1334 4464 diutius

199 4502 426 4592 Hierosolymis
449 4510 574 4589 vixerat,
596 4518 748 4573 auctorem
772 4510 968 4573 baberenun
990 4514 1124 4591 possunt

297 4613 326 4678 8.
357 4613 488 4695 Epistola
517 4620 619 4677 nostra
648 4616 758 4697 injusta
789 4614 827 4678 de
848 4613 1004 4677 ludaismo
1027 4612 1172 4693 disputat,
1203 4611 1335 4674 circum-

201 4715 356 4782 cisionem
380 4718 479 4779 carnis
501 4718 735 4799 superstitiosam
760 4736 829 4781 esse
851 4718 1022 4800 pronuntiat
1045 4712 1090 4798 (c.
1107 4712 1158 4799 9),
1182 4714 1335 4777 sabbatum

197 4818 358 4904 vituperat
381 4816 428 4903 (c.
447 4816 517 4903 15),
540 4822 625 4905 leges
648 4821 741 4885 blesis
763 4842 781 4886 a
803 4821 926 4886 ludaeis
949 4840 1009 4884 non
1033 4820 1070 4881 ad
1092 4821 1219 4882 litteram
1242 4819 1336 4882 intel-

242 4936 273 5003 1)
287 4940 374 4994 Coatr
387 4937 558 4992 adversarium
570 4938 645 5010 Legis
658 4939 758 4994 etl’ro-
784 4940 917 5009 piratarum
937 4938 957 5005 i,
976 4954 999 4991 c.
1015 4937 1056 4993 20.
1076 4954 1101 4992 a.
1114 4939 1157 4991 39.
1176 4937 1218 4991 ad.
1236 4941 1334 5009 diiprr,

785 5026 813 5079 Τ.
832 5024 897 5079 viii.
915 5042 941 5095 p.
959 5024 1020 5080 826.
