3067 6450
442 1208 633 1265 nttttttttott
651 1210 676 1264 S.
696 1209 922 1266 conuerteret
941 1211 973 1266 11.
1204 1217 1268 1284 275

255 1369 276 1432 t.
320 1369 369 1432 De
390 1372 541 1452 murtgrr'u
563 1371 731 1452 Potycurpi
754 1382 784 1434 ct
805 1375 964 1437 sociorum
984 1375 1160 1437 scribimus.

234 1474 412 1555 scripsimus
435 1477 531 1555 vobis,
556 1475 675 1555 irstres,
697 1477 736 1539 de
758 1479 935 1558 martyribus
959 1477 1049 1541 etde
1072 1478 1159 1541 beato
1174 1479 1269 1562 Poly-

142 1594 252 1658 cerpo‚
278 1581 326 1659 qui
351 1581 492 1662 martyrio
515 1598 588 1659 suo,
611 1582 693 1645 vetut
715 1584 872 1666 signaculo
896 1584 1041 1664 quodam,
1067 1584 1270 1665 persecutioni

142 1681 233 1744 finem
257 1684 402 1764 imposuit.
447 1685 525 1746 Fere
555 1687 632 1747 eninr
662 1694 783 1765 cuncta,
814 1705 890 1767 quae
921 1697 1168 1768 praecesserunt,
1202 1688 1270 1752 ideo

143 1795 327 1866 evenerunt,
359 1794 390 1850 ut
420 1789 507 1851 nobis
537 1789 681 1852 Dominus
714 1792 846 1873 desuper
882 1792 1054 1854 ostenderet
1087 1794 1270 1875 urertyrium,

103 1892 107 1898 “
142 1890 309 1973 Evangelio
332 1910 506 1974 congruum.
550 1890 743 1973 Exspectavit
765 1897 844 1956 enim
868 1896 953 1974 tradi,
976 1899 1053 1959 sicut
1070 1903 1098 1958 et
1118 1896 1270 1976 Dominus,

142 2000 176 2056 ut
200 2001 228 2056 et
251 2013 307 2057 nos
331 1997 422 2077 ipsius
446 2013 582 2059 essemus
606 1997 776 2077 imitatores,
800 2018 861 2062 non
885 2000 981 2062 sotum
1002 2008 1104 2062 nostra
1125 2001 1269 2063 conside-

141 2106 256 2179 rantes,
279 2101 333 2163 sed
357 2108 387 2162 et
410 2121 455 2179 ea,
480 2119 557 2181 quae
581 2101 618 2162 ad
641 2104 796 2183 proximos
813 2105 972 2185 pertinent.
1017 2104 1172 2166 charitatis
1191 2106 1269 2167 enirn

141 2214 235 2265 verae
259 2223 294 2266 ac
316 2205 428 2267 solidae
453 2212 515 2285 est,
545 2223 605 2269 uon
636 2207 726 2272 modo
757 2226 793 2272 se
823 2210 918 2292 ipsum
942 2209 1021 2273 velte
1049 2210 1183 2288 servari,
1213 2207 1275 2285 sed,

141 2309 232 2371 etiarn
256 2328 360 2373 omues
384 2309 501 2374 iratres.

422 2501 455 2564 ll.
501 2501 672 2584 Martyrum
694 2503 776 2566 miro
798 2505 985 2567 constantio.

229 2627 319 2689 Dente
354 2631 383 2686 et
415 2642 566 2708 generosa
597 2624 717 2688 fuerunt
748 2634 853 2689 cuncta
886 2627 1040 2708 martyria,
1074 2645 1153 2707 quae
1180 2628 1267 2709 juxte

140 2730 324 2793 voluntatem
342 2729 397 2792 Dei
418 2734 593 2791 evenerunt
635 2727 752 2803 ¹Quum
776 2736 853 2793 enim
870 2750 927 2794 nos
942 2731 1148 2813 religiosiores
1164 2734 1267 2812 simus,

140 2837 209 2898 Deo
242 2836 370 2897 omniurn
401 2851 500 2896 rerum
528 2838 705 2913 potestatem
729 2831 959 2899 ²adscribumns
990 2843 1117 2918 oportet.
1164 2832 1267 2910 ³Qttis

141 2943 220 3004 euim
244 2940 476 3023 generositatem
500 2956 605 3001 eorum
628 2946 658 3000 et
680 2940 849 3021 patientiam
872 2947 902 3003 ct
924 2960 997 3023 erga
1013 2941 1169 3003 Dominum
1192 2940 1268 3002 cba-

139 3047 256 3107 ritetem
279 3063 339 3107 non
363 3044 532 3121 adoriretur,
556 3045 606 3124 qui
628 3042 755 3126 flagellis
778 3044 854 3107 adeo
877 3045 1013 3123 lacerati,
1038 3052 1068 3106 ut
1091 3044 1127 3105 ed
1151 3045 1267 3105 intiuras

141 3169 238 3232 usque
262 3167 354 3213 venes
386 3157 415 3211 et
445 3149 569 3211 arterias
601 3148 737 3231 corporis
766 3155 913 3211 structura
945 3154 1136 3226 cerneretur,
1170 3153 1267 3208 tamen

139 3258 362 3330 sustinuerunt;
387 3255 435 3330 ita,
458 3258 490 3315 ut
512 3252 599 3315 etiarn
623 3252 774 3316 adstantes
797 3254 1010 3316 miserarentur
1033 3252 1267 3333 etplangercnt,

139 3361 199 3441 ipsi
222 3377 296 3422 vero
320 3376 358 3421 eo
382 3357 561 3420 fortitudinis
585 3358 732 3435 venirent,
755 3363 787 3420 ut
809 3376 898 3422 nemo
922 3359 1038 3421 iliorum
1061 3373 1160 3437 neque
1182 3373 1267 3417 rusur-

138 3471 272 3526 mururet
288 3481 387 3543 neque
403 3462 623 3545 ingemisceret,
648 3463 785 3525 omuibus
802 3463 1005 3542 ostendentes,
1025 3460 1106 3543 quod
1122 3465 1267 3543 martyres

140 3568 250 3631 Christi
273 3568 346 3631 bora
369 3568 440 3645 ists,
465 3567 777 3648 contorquebantur,
809 3574 894 3630 extra
917 3586 1038 3630 carnem
1062 3565 1188 3642 tuerint,
1218 3568 1269 3627 aut

138 3674 258 3754 potios,
293 3671 371 3753 quod
404 3671 547 3734 Dominus
582 3672 733 3735 assistens
759 3690 825 3734 cum
856 3673 929 3753 ipsis
962 3678 1043 3734 esset
1075 3667 1267 3732 collocutus?

138 3777 240 3857 Atque
262 3777 299 3840 ad
323 3775 432 3839 Cbristi
454 3776 579 3857 gratiam
603 3774 800 3838 adtendentes
830 3773 978 3838 mundane
1008 3779 1152 3837 tormenta
1175 3788 1267 3853 sper·

138 3882 266 3958 netsant,
298 3882 384 3943 unius
412 3875 505 3942 borae
535 3879 630 3960 spatio
658 3896 693 3941 sc
726 3879 762 3940 ab
792 3886 914 3941 aeterna
946 3897 1044 3961 poena
1075 3877 1266 3941 redimentes.

138 3984 338 4066 Frigidusque
368 3985 439 4066 ipsis
470 3982 626 4045 videbatur
655 3982 733 4065 ignis
764 3983 929 4047 crudelium
962 3982 1139 4046 carnificum.
1191 3979 1266 4041 Prae

136 4088 235 4150 ocutis
267 4090 345 4150 enim
375 4086 523 4149 bebebsnt
553 4084 652 4168 ingatu
682 4086 760 4149 iilius
789 4090 885 4171 ignis,
917 4089 967 4167 qui
997 4094 1137 4150 aeternus
1161 4089 1207 4147 est
1236 4087 1267 4146 et

136 4210 289 4274 nunquam
311 4192 529 4273 exstinguetur,
552 4197 583 4252 et
606 4189 701 4253 oculis
724 4192 825 4255 cordis
848 4189 1047 4270 respiciebant
1067 4188 1103 4251 ad
1125 4207 1160 4249 ea
1176 4189 1266 4266 bone,

135 4313 217 4376 quae
239 4301 432 4357 reservantur
454 4293 684 4372 sustinentibus,
714 4291 825 4375 ⁴quue
855 4314 913 4357 nec
944 4293 1033 4355 aeris
1059 4292 1181 4353 audiuit
1207 4308 1266 4351 neo

138 4398 250 4462 ocules
264 4399 353 4477 vidit,
377 4417 458 4479 pone
479 4417 536 4461 occ
558 4400 592 4460 in
615 4417 672 4460 cor
693 4400 827 4462 bominis
847 4397 1068 4472 ascenderunt,
1093 4412 1169 4475 quse
1189 4410 1265 4455 vero

136 4518 155 4564 a
178 4501 305 4565 Domino
328 4508 490 4566 monstrata
512 4510 581 4565 sunt
602 4503 655 4582 iis,
688 4509 791 4584 utpote
813 4504 864 4583 qui
887 4521 947 4567 non
969 4501 1106 4565 homiues
1128 4496 1264 4579 amplius,

171 4774 203 4844 2)
221 4774 259 4829 its
274 4774 443 4843 Jecobsouns,
460 4777 504 4846 qni
522 4775 604 4827 multis
622 4775 686 4827 loeis
713 4776 773 4842 pitis
791 4775 885 4828 dicturo
903 4782 958 4841 est,
983 4774 1103 4840 martyrii
1121 4769 1259 4825 ittuntur
1347 4811 1355 4819 .

137 4868 232 4914 textum
251 4879 267 4915 e
285 4862 376 4929 codice
388 4862 581 4948 vindobonensi
594 4877 684 4913 eruen-
713 4861 787 4914 beatu
806 4872 833 4913 et
850 4878 984 4931 generose.

137 4946 215 5000 davit
747 4949 778 5017 tt
797 4948 809 5003 t
826 4948 885 5003 cnr.
904 4950 931 5014 2,
948 4947 974 4999 9.

171 5032 200 5100 3)
219 5032 342 5088 Probatur
359 5049 441 5101 nune,
460 5034 528 5104 quod
546 5035 618 5089 initto
638 5050 685 5089 ea·
984 5115 1055 5183 w
