3067 6450
354 1187 492 1241 nnnnnn
511 1187 645 1243 nasson.
681 1190 777 1243 einen
796 1190 826 1244 n.
864 1193 1011 1249 nnnnnn.
1029 1195 1059 1249 x„
1203 1199 1267 1265 367
1294 1247 1296 1251 .

141 1355 173 1412 et
197 1350 364 1413 actionibus
387 1352 483 1415 inultis
507 1352 691 1432 inciderunt,
723 1362 754 1418 et
777 1366 998 1424 evacuantur·a
1021 1379 1111 1425 sensu
1135 1380 1207 1441 sne,
1238 1370 1268 1427 et

141 1456 214 1518 nihil
238 1458 359 1520 omnino
383 1457 565 1541 intelligunt,
599 1460 635 1521 de
660 1460 768 1525 divitiis
792 1465 967 1545 cogitantes.
1013 1467 1071 1531 Sed
1098 1468 1266 1549 siquando
1355 1457 1363 1469 ’

141 1561 291 1623 audierint
314 1561 352 1623 de
375 1563 512 1641 Domino,
536 1584 643 1628 sensus
666 1585 772 1629 eorum
797 1567 804 1604 ¹
824 1568 852 1629 in
877 1570 1006 1651 negotiis
1034 1571 1166 1652 ipserum
1190 1580 1244 1634 est.

140 1659 213 1728 2Οί
242 1661 278 1728 δὲ
309 1657 415 1751 φόβον
443 1660 569 1747 ἔχοντες
600 1668 690 1746 Θεοῦ,
718 1667 803 1745 ²0ui
842 1678 939 1734 autern
978 1675 1112 1737 timorem
1149 1676 1267 1739 [donnini

136 1761 398 1856 tertiaedecimae
429 1770 506 1859 περὶ
530 1773 617 1838 Θεοῦ
638 1768 689 1862 ε”ρ-
717 1776 843 1855 liabent,
877 1783 908 1838 et
939 1784 1108 1842 scrutantur
1139 1779 1176 1843 de
1199 1781 1265 1844 Dee

137 1896 200 1959 ρων
221 1873 275 1938 καί
289 1866 451 1959 ἀληθείας,
474 1873 526 1940 καί
545 1875 598 1964 τὴν
615 1901 688 1964 καρ-
717 1883 886 1960 veritatem,
915 1883 1123 1964 cogitationem
1147 1902 1264 1948 ornnem

139 1974 211 2042 δίαν
226 1973 349 2058 ἔχοντες
360 1973 570 2068 πράςκύριον,
587 1972 690 2047 πάντα
716 1986 824 2050 habent
858 1985 894 2048 ad
928 1987 1093 2051 Dominum.
1149 1987 1264 2068 Ornnia,

138 2077 182 2148 τά
226 2075 377 2168 λεγόμενα
420 2081 531 2161 αὐτοῖς
578 2084 689 2167 τάχιον
715 2110 792 2172 quae
808 2091 945 2153 dicuntur
962 2091 1015 2168 eis,
1034 2092 1210 2174 percipiunt,
1235 2099 1265 2156 et

135 2186 249 2252 νοοῦσι
280 2185 333 2251 καὶ
363 2196 534 2268 συνιοῦσιν,
567 2183 617 2256 ὅτι
648 2228 687 2238 -
714 2196 811 2258 statim
842 2194 1025 2276 intelligunt,
1056 2196 1123 2276 quia
1155 2196 1264 2260 habent

136 2284 196 2358 τόν
225 2282 330 2380 φόβον
359 2299 418 2357 τοῦ
445 2295 531 2360 Θεοῦ
561 2287 689 2376 ἔχουσιν
716 2302 850 2362 timerem
865 2299 981 2361 Domini
994 2299 1022 2360 in
1037 2316 1079 2360 se.
1114 2300 1168 2362 Ubi
1185 2302 1262 2363 enim

136 2395 171 2463 ἐν
186 2394 321 2472 ἑαυτοῖς.
352 2389 458 2462 Ὅπου
472 2397 532 2488 γάρ
549 2390 567 2464 ὁ
583 2396 688 2487 κύριος
715 2403 841 2484 Spiritus
857 2403 975 2466 Domini
999 2402 1149 2484 inhabitat,
1172 2405 1211 2468 ibi
1233 2411 1263 2468 et

134 2504 282 2582 κατοικεῖ,
298 2500 361 2569 ἐκεῖ
374 2501 426 2567 καὶ
439 2501 563 2580 σύνεσις
575 2504 686 2594 πολλή.
713 2525 820 2570 sensns
844 2508 952 2570 multus
975 2506 1153 2590 adjungitur.
1195 2509 1262 2571 Ad-

134 2599 323 2694 Kelhssqrr
345 2596 399 2673 σύν
421 2609 480 2674 τοῦ
498 2605 614 2698 κυρίου,
636 2607 687 2676 καί
709 2614 806 2694 junge
823 2630 898 2694 ergo
915 2619 944 2675 te
956 2612 1102 2688 Domin0;
1120 2619 1149 2675 et
1164 2614 1262 2677 onrnia

133 2703 264 2775 πάντων
284 2707 417 2801 νοήσεις.
713 2717 862 2798 intelliges
886 2735 921 2779 ae
943 2716 1085 2778 senties.“

180 2807 317 2883 3’Ἀκοοε
332 2813 397 2898 οὖν,
413 2826 484 2893 ποῦς
499 2809 518 2904 ἡ
536 2811 622 2906 λύπη
637 2816 684 2883 ἐκμ
755 2820 801 2882 lll.
840 2819 854 2859 ³
870 2820 967 2900 „Audi
991 2840 1086 2900 nune,
1109 2821 1262 2904 insipiens,

134 2917 242 3009 τρίβει
264 2916 303 2988 τά
333 2924 476 3005 πνεῦμα,
507 2922 558 2986 καὶ
588 2914 685 2987 πάλιν
712 2927 960 3005 quemadmodum
997 2926 1112 2989 tristitia
1148 2928 1261 2990 cruciat

133 3017 236 3106 σώζει.
275 3020 368 3092 Ὅταν
395 3019 413 3093 ὁ
445 3025 587 3116 δίψυχος
612 3025 683 3092 ἐπι-
712 3027 852 3109 Spiritum
876 3038 1019 3107 sanetum,
1044 3038 1074 3093 et
1094 3049 1153 3110 quo
1171 3031 1260 3094 niodo

132 3123 269 3218 βάίηται
291 3129 414 3220 πρᾶξαί
440 3155 487 3210 ιι,
519 3131 571 3196 καί
598 3122 682 3196 άπο-
711 3133 825 3194 salvurn
850 3132 927 3195 iacit.
965 3134 1061 3206 Ouum
1082 3133 1187 3196 dubius
1209 3136 1260 3194 in-

133 3234 211 3323 τύχη
234 3234 366 3325 δαίτην
395 3235 551 3324 άιψοχίαν
577 3233 684 3313 αὐτοῦ,
711 3236 816 3299 ciderit
838 3238 866 3299 in
891 3238 1041 3320 negotium
1065 3237 1200 3317 aliquod,
1230 3244 1261 3301 et

132 3333 151 3429 ἦ
183 3338 267 3429 λύπη
301 3335 508 3430 ἐκπορεύεται
545 3338 590 3415 εἷς
626 3334 682 3406 τάν
711 3361 770 3405 non
796 3344 934 3424 provenit
957 3342 996 3403 illi
1019 3349 1144 3423 propter
1169 3343 1259 3406 dnbi-

132 3438 320 3533 detinenda,
330 3444 380 3512 καί
389 3440 683 3527 λοπεῐτὸίπνεύμα
710 3449 851 3511 tationem
859 3469 868 3524 ;
893 3447 1008 3509 tristitia
1026 3445 1100 3509 haee
1118 3448 1207 3509 intrat
1229 3450 1259 3511 in

132 3546 171 3616 τά
194 3548 294 3637 ἅγιον,
316 3548 367 3616 καί.
386 3555 575 3638 στενοχωρεῖ
592 3540 683 3615 αύτό.
710 3553 868 3631 hominem,
892 3557 922 3614 et
945 3552 1059 3614 tristem
1076 3550 1146 3612 lacit
1161 3549 1259 3633 ⁴Spi-

132 3645 216 3720 Εἶτα
236 3647 334 3721 πάλιν
354 3647 681 3736 άξοχολίαὸτανκολ-
709 3658 795 3720 ritum
826 3661 977 3735 sanetum,
1010 3663 1040 3717 et
1067 3661 1157 3718 vexat
1180 3674 1257 3719 eum.

131 3758 219 3846 ληθῇ
239 3760 287 3844 τῷ
309 3750 471 3846 άνθροίπῳ
487 3756 563 3847 περί
579 3749 679 3848 πράγ-
709 3762 824 3824 Deinde
854 3762 960 3824 iteruin
990 3760 1141 3823 iracundia
1168 3779 1258 3841 quum

131 3854 339 3945 ματόςτινος,
354 3863 406 3929 καὶ
421 3862 493 3929 λίαν
510 3863 681 3951 πικρανθῇ,
709 3867 874 3929 accesserit
905 3865 1015 3928 homini
1048 3882 1103 3947 pro
1134 3864 1257 3946 negotio

130 3966 184 4032 καὶ
206 3958 323 4054 ποιήσῃ
343 3991 376 4034 τι
396 3963 507 4047 κακόν,
540 3964 638 4034 πάλιν
660 3957 680 4053 ἦ
709 3970 819 4051 alique,
842 3970 1036 4033 vehementer
1052 3969 1189 4031 irascitur
1196 3989 1205 4045 3
1228 3973 1258 4029 et

130 4069 218 4157 λύπη
239 4064 461 4160 εἰσπορεύεται
475 4069 522 4148 εἰς
536 4070 593 4158 τήν
607 4096 680 4159 τιαρ-
709 4076 783 4138 haee
819 4076 862 4137 ira
897 4075 985 4137 intrat
1016 4074 1044 4135 in
1079 4071 1258 4154 praecordia

131 4172 203 4240 δίαν
224 4176 284 4240 τού
306 4168 485 4264 άνθράποῐι
516 4178 576 4243 τοῦ
606 4169 680 4254 άξυ-
708 4179 875 4257 irascentis,
899 4184 928 4240 et
943 4184 1069 4239 vexatur
1085 4177 1114 4238 in
1133 4178 1257 4259 negotio

130 4276 335 4366 χολήσαντος,
364 4279 419 4347 καί
447 4281 598 4347 λυπεῖται
624 4279 681 4347 ἐπὶ
707 4302 773 4361 su0‚
797 4281 876 4363 quod
900 4281 1025 4363 agitet
1048 4288 1153 4363 postea
1176 4300 1257 4365 poe-

130 4391 172 4471 τῇ
199 4382 315 4471 πράξει
345 4381 458 4464 αὐτοῦ,
488 4375 508 4474 ᾗ
534 4380 681 4473 ἔπραξεν,
707 4388 791 4466 nitet,
814 4384 894 4467 quod
916 4383 993 4447 rnale
1017 4384 1130 4449 lecerit.

129 4486 180 4553 καὶ
203 4493 359 4569 μετανοεῖ,
382 4486 431 4555 ὅτι
454 4486 591 4577 πονηράν
613 4487 679 4577 εἱρ-

128 4587 259 4678 ydoneo.
317 4592 410 4679 Λύτη
450 4587 503 4659 ούν
538 4591 558 4682 ἡ
596 4584 681 4681 λύπη

167 4767 194 4834 1)
214 4765 284 4835 Ergo
310 4782 360 4819 nen
385 4768 505 4833 audiunt,
533 4782 600 4837 quaa
625 4768 680 4836 quia
739 4768 768 4833 4)
787 4765 892 4820 Hermas
915 4783 966 4820 nan
991 4767 1023 4818 da
1047 4766 1121 4817 tertia
1144 4781 1255 4832 persona

129 4852 199 4904 lorte
217 4852 251 4903 de
269 4852 325 4906 Dea
344 4854 462 4922 loquitur.
707 4852 751 4905 SS.
769 4854 895 4907 Trinitatis
913 4854 1033 4924 loquitur,
1050 4850 1096 4903 aad
1114 4851 1147 4903 de
1165 4854 1255 4921 spiritu

164 4939 195 5002 2)
213 4937 252 4990 Ex
262 4944 353 4994 Docta.
364 4942 398 4995 ad
408 4943 527 4997 detinet.
541 4941 557 4993 l.
569 4957 590 4993 e.
603 4957 628 4994 n.
638 4940 679 4993 11.
707 4941 804 5007 divine,
822 4939 937 4993 fidelibus
953 4938 1045 4992 inluso.

163 5023 193 5091 3)
212 5024 318 5079 lbidem.
