3067 6450
360 1166 483 1221 tonnttt
499 1165 655 1222 sensnum
674 1168 719 1222 no
740 1167 1059 1227 rattnuutrttttttsm.
1077 1172 1119 1228 tx„
1136 1174 1167 1228 X.
1178 1236 1190 1248 ,
1263 1179 1327 1245 219

202 1330 344 1413 scripturn
369 1335 423 1406 est,
447 1327 667 1409 responderunt
683 1329 771 1392 milri:
795 1330 878 1395 ¹hoc
895 1331 1155 1396 demonstrandum
1172 1342 1227 1398 est.
1262 1337 1331 1399 Mihi

202 1455 279 1499 vero
303 1436 370 1498 loco
394 1432 599 1514 'antiquitatis
627 1441 673 1497 est
695 1435 784 1499 Jesus
807 1436 958 1516 Christos,
990 1435 1184 1520 ³incorrnpta
1214 1448 1243 1502 et
1273 1460 1331 1503 an·

202 1543 283 1621 tiqna
307 1539 444 1622 dogmata
468 1539 536 1600 mihi
560 1546 628 1601 sunt
651 1558 726 1601 crux
749 1542 814 1622 ojus
839 1547 869 1603 et
891 1560 972 1604 mors
1003 1548 1032 1603 et
1058 1545 1241 1605 resurrectio
1266 1546 1331 1626 ejus

202 1652 232 1708 et
256 1644 373 1724 tudes,
406 1663 483 1725 quae
506 1663 561 1726 pcr
584 1646 695 1725 ipsum:
727 1646 835 1726 quibus
859 1645 1016 1728 justificari
1046 1646 1116 1710 volo
1146 1665 1202 1729 per
1223 1665 1331 1729 preces

202 1756 327 1812 vestras.

346 1939 395 2003 tx.
441 1939 563 2004 Bonum
586 1950 633 2003 est
660 1942 689 2004 V.
717 1942 760 2018 T,
784 1942 895 2005 melior
917 1959 1031 2005 noousn
1053 1941 1187 2007 Foedus.

289 2061 390 2125 ⁶Boni
422 2063 540 2143 quidem
571 2071 641 2126 sunt
672 2066 864 2144 sacerdotes,
896 2061 1124 2147 ⁶pracstantior
1155 2073 1251 2128 autem
1284 2073 1332 2130 est

201 2186 333 2232 summus
358 2167 509 2248 pontifex,
540 2170 588 2230 cui
618 2170 730 2233 credita
754 2178 823 2232 sunt
845 2176 946 2232 sancta
977 2175 1165 2248 sanctorum,
1197 2171 1244 2232 coi
1267 2159 1331 2234 ¹soli

201 2279 320 2335 secreta
345 2272 399 2332 ltei
421 2278 491 2334 sunt
513 2272 634 2349 tradita;
665 2276 715 2355 qui
739 2276 803 2356 ipsc
826 2282 872 2337 est
898 2269 1008 2357 'janua
1032 2274 1144 2353 Patris,
1166 2293 1220 2355 per
1243 2267 1331 2356 quam

201 2376 411 2458 ingrediuntur
425 2376 573 2438 Abraham
591 2384 620 2438 et
635 2377 718 2440 lsaac
739 2385 768 2440 et
784 2378 888 2457 Jacob,
912 2386 942 2440 et
964 2378 1128 2460 prophetae
1153 2386 1182 2441 et
1204 2379 1330 2460 apostoli

202 2488 232 2542 et
265 2480 403 2542 ecclesia.
457 2474 591 2542 ⁸0mnia
623 2481 697 2544 hacc
727 2481 763 2544 ad
793 2484 933 2546 unionem
965 2501 1031 2544 cum
1059 2484 1132 2546 Deo.
1184 2483 1330 2547 Exirnium

201 2591 301 2646 autern
324 2584 482 2664 quidquam
509 2584 597 2647 habet
620 2584 826 2669 Evangelium,
848 2588 984 2650 nintirum
1007 2587 1166 2650 adventurn
1188 2581 1329 2650 ⁹Domini
1409 2567 1415 2581 ’

200 2690 296 2751 nostri
311 2687 383 2751 lesu
401 2688 516 2768 Christi,
539 2692 709 2772 passionem
732 2692 887 2773 ipsiusne
914 2694 1175 2754 resurrectionem.
1222 2691 1329 2755 Dilecti

200 2811 330 2873 namque
359 2793 525 2874 prophetae
555 2797 803 2859 annuntiaverunt
834 2815 919 2872 eum;
949 2795 1143 2878 Evangeliom
1176 2815 1250 2859 vero
1283 2802 1330 2859 est

205 2894 230 2934 ¹⁰
243 2897 390 2979 perfectio
413 2898 491 2959 vitae
513 2904 664 2962 aeternae.
711 2899 736 2939 ¹¹
750 2900 855 2965 Omnia
878 2900 964 2965 simul
985 2901 1063 2988 bona
1085 2907 1163 2982 sunt,
1186 2901 1276 2965 modo
1299 2902 1329 2965 in

201 3002 345 3066 charitate
368 3001 505 3063 credatis.
776 3070 797 3111 ⁸

271 3189 308 3253 tt
356 3188 624 3274 Conprnlulems'ni
648 3133 855 3258 Antioclenis
878 3195 917 3259 de
937 3197 1000 3277 fine
1019 3196 1260 3278 persecutionis.

291 3310 428 3387 ¹²(tuum
460 3316 530 3377 milri
563 3317 724 3379 nuntiatum
757 3319 811 3396 sit,
847 3337 901 3399 per
932 3320 1097 3383 orationem
1134 3326 1264 3381 vestram
1299 3325 1329 3382 ct

202 3420 509 3496 commiserationem,
546 3438 602 3500 qua
637 3422 796 3482 movemini
831 3424 860 3483 in
895 3424 1031 3500 Christo,
1070 3422 1225 3486 ecclesiam
1259 3427 1329 3486 An·

202 3523 367 3584 tiochenam
400 3524 428 3585 in
460 3524 545 3607 Syria
583 3520 723 3605 ”pacem
757 3528 940 3602 obtinuisse3
978 3527 1064 3588 decet
1098 3544 1172 3604 vos,
1210 3534 1241 3587 ut
1274 3525 1328 3588 Dei

202 3626 375 3704 ecclesiam,
400 3628 513 3710 eligere
537 3628 710 3707 diaconum,
735 3632 785 3710 qui
808 3632 897 3692 obeat
919 3631 958 3692 ibi
981 3630 1159 3710 legationem
1184 3630 1253 3705 Dei,
1277 3628 1328 3708 qni

203 3749 270 3792 curn
299 3732 373 3811 illis,
402 3734 432 3794 in
462 3751 552 3796 unum
584 3736 794 3817 congregatis,
826 3735 910 3798 simul
941 3733 1088 3815 gaudeat,
1121 3738 1151 3793 ct
1182 3731 1330 3812 glorificet

202 3963 308 4009 cutm
331 3972 382 4024 pro
406 3972 448 4009 sne
467 3958 549 4009 lonae
566 3965 644 4022 sunt,
671 3959 752 4011 sinito
780 3955 943 4028 Herisrqtner
968 3960 1087 4027 perlecto
1105 3957 1239 4019 doemon,
1264 3968 1330 4024 qnae

202 4058 265 4094 nero
284 4045 407 4096 meliores
424 4060 519 4111 preces
537 4045 649 4098 Cltrr'rts'.
780 4061 884 4114 semper
910 4047 1037 4107 manetis,
1067 4051 1129 4112 post
1156 4057 1233 4109 passm
1263 4042 1331 4093 nihil
1392 4106 1398 4118 ι

235 4126 265 4193 6)
283 4126 451 4194 interpolator
468 4131 588 4194 κρείσσων.
780 4133 896 4199 mplius
915 4131 1084 4182 reeelclitur.
1114 4131 1172 4179 tro.

237 4213 269 4274 7)
288 4211 556 4279 ernianoque,
576 4213 620 4266 ubi
639 4213 752 4266 Christus
800 4215 844 4280 11)
863 4213 882 4264 l.
902 4229 925 4265 e.
944 4212 974 4264 V.
994 4221 1021 4263 et
1039 4213 1069 4265 N.
1090 4211 1117 4264 T.

203 4314 230 4350 se
250 4300 305 4364 ipse
319 4302 434 4365 joannan
451 4303 561 4352 rocsvtt.
800 4300 843 4367 12)
862 4294 966 4356 liuenti.
991 4298 1027 4351 lte
1038 4296 1099 4351 coo.
1110 4313 1155 4349 ms.
1180 4297 1329 4353 cotelerius

237 4384 267 4442 8)
286 4383 305 4436 1.
325 4401 348 4436 e.
368 4384 465 4453 Scupos
487 4393 537 4436 tom
563 4385 752 4454 prophetarum,
781 4396 807 4439 et
836 4389 968 4440 smithius
997 4400 1054 4436 com
1085 4387 1178 4439 Verrio
1210 4383 1330 4434 exhibent

203 4478 255 4520 tom
269 4469 441 4538 apostolorum
454 4480 503 4523 etc.
517 4472 582 4522 idem
596 4480 643 4537 est,
662 4488 753 4539 nempe
780 4472 833 4521 incl
852 4471 887 4520 δι’.
914 4474 973 4523 tac.

203 4560 265 4607 unio
285 4557 386 4607 humani
405 4560 505 4625 pencris
523 4573 579 4608 cum
599 4557 663 4610 Deo.
800 4558 844 4617 13)
864 4557 901 4610 Ex
921 4557 968 4608 hec
987 4564 1012 4607 et
1029 4554 1075 4623 Ep.
1095 4555 1125 4607 ad
1140 4555 1238 4619 Smym.
1258 4570 1280 4604 c.
1297 4552 1327 4604 11

238 4641 269 4702 9)
287 4642 542 4709 loterpolstoraddit
559 4646 666 4711 σωτῆρος,
685 4642 752 4713 quod
782 4644 841 4710 (cir.
867 4644 900 4695 ed
925 4641 1012 4709 Polpc.
1039 4658 1061 4693 c.
1085 4643 1114 4707 7)
1144 4640 1330 4706 cognoscimus,

204 4736 231 4778 et
248 4727 311 4795 legit
328 4737 381 4779 vet
401 4727 448 4780 lm·
475 4733 533 4780 Jso.
782 4731 917 4798 hostium,
938 4730 1083 4797 priusquam
1103 4728 1226 4776 minorem
1245 4725 1330 4775 Asiam

222 4813 267 4875 10)
286 4812 305 4864 Ι.
325 4829 349 4866 s.
368 4812 511 4882 Evangelio
537 4810 552 4877 ἦ
578 4814 686 4876 βασιλεία
710 4819 754 4865 τοῦ
781 4817 940 4885 reliquisset,
958 4814 991 4867 tle
1009 4830 1073 4881 pace
1093 4809 1329 4863 ecclesiretlntis·

204 4897 268 4948 Θεοῦ
293 4906 320 4951 et
346 4901 398 4952 rits
424 4901 448 4951 in
473 4900 523 4951 troc
546 4914 627 4967 regno
650 4909 753 4952 aeterne
782 4901 878 4953 chenne
888 4901 986 4952 reddita
995 4900 1130 4954 certiorem
1139 4896 1234 4952 lactum
1243 4895 1329 4952 truso·

203 4985 316 5040 usuras·
346 4993 395 5039 ut.
435 4984 520 5040 ntitsr
547 4984 574 5039 h.
598 4984 616 5038 l.
645 4987 755 5056 explicet
781 4990 875 5040 Ussrr.
