3067 6450
432 1205 451 1258 ι.
470 1202 653 1259 camenus
672 1203 718 1257 so
739 1202 811 1258 con.
830 1202 903 1258 xxx
921 1202 1006 1257 xxxi.
1025 1202 1120 1258 xxxn.
1296 1208 1337 1273 95

216 1366 340 1449 pudicos
363 1366 549 1448 complexus,
573 1367 742 1445 ebrietates,
766 1385 911 1429 novarum
927 1385 1027 1431 rerum
1044 1365 1151 1444 studia,
1174 1365 1338 1446 concupis-

216 1472 328 1535 centias
351 1471 577 1549 abominandas,
600 1470 805 1533 detestandum
828 1473 1020 1550 adulterium,
1044 1470 1259 1534 exsecrabilem
1282 1488 1338 1532 su-

214 1578 357 1659 perbiam.
407 1572 515 1638 ¹Derts
545 1577 643 1652 enim,
677 1576 787 1655 inquil,
821 1576 967 1653 superbis
998 1576 1135 1650 resistit,
1170 1573 1337 1635 iuuenilibus

214 1689 316 1742 aetem
340 1680 395 1740 dot
414 1681 557 1758 qratiam.
602 1676 832 1760 Adglutinemur
856 1680 946 1760 igitur
969 1680 1021 1757 iis,
1046 1678 1151 1759 quibus
1174 1681 1268 1761 gratia
1292 1676 1337 1741 ²a

212 1785 279 1847 lieo
304 1801 449 1846 concessa
473 1792 527 1846 est
572 1782 727 1845 induamus
750 1783 957 1859 concordiam,
982 1784 1116 1860 humiles,
1138 1783 1336 1859 continentes,
1428 1829 1431 1834 .

212 1889 248 1951 ab
274 1888 354 1949 omni
377 1906 502 1950 susurro
525 1896 554 1948 el
577 1888 795 1949 obtrectatione
818 1886 921 1967 procul
944 1887 1131 1963 recedentes,
1156 1883 1336 1967 ³operibus,

212 2010 272 2054 non
305 1996 402 2053 aulem
432 1992 533 2053 verbis
565 2008 620 2052 nos
647 1989 854 2072 justificantes.
901 1991 976 2052 Dicit
1008 1991 1103 2052 enim:
1135 1987 1218 2069 ⁴qai
1240 1990 1337 2050 stulte

211 2096 302 2171 dicit,
319 2103 348 2156 et
361 2096 501 2158 vicissim
517 2095 625 2156 audiet
632 2114 644 2166 ;
660 2101 714 2155 aut
728 2095 779 2156 eir
795 2073 945 2156 verbosus
956 2103 1047 2174 putat
1062 2113 1095 2156 se
1112 2112 1180 2155 esse
1190 2093 1336 2172 justam?

209 2200 398 2263 Benedictus
414 2210 506 2262 salas
521 2200 671 2276 mulieris,
688 2199 792 2262 brevis
809 2201 910 2271 cilee;
933 2217 970 2261 ne
985 2200 1099 2261 multus
1114 2199 1159 2260 sis
1176 2198 1208 2259 in
1224 2196 1335 2259 serbis

211 2302 280 2369 ⁵Sil
301 2305 365 2367 laus
388 2309 490 2367 nostra
513 2301 642 2381 iubeo,
666 2310 695 2364 et
719 2322 779 2366 non
802 2323 818 2367 a
842 2304 928 2365 nobis
952 2304 1024 2384 ipsis
1031 2324 1041 2379 ;
1065 2303 1128 2366 odil
1151 2303 1229 2365 enim
1252 2302 1334 2363 Deus

208 2428 282 2485 eos,
310 2409 360 2490 qui
383 2408 561 2489 semetipsos
584 2407 713 2470 laudant.
760 2408 972 2469 Testimonium
996 2408 1140 2470 bonarum
1165 2412 1334 2469 nostrarum

208 2513 357 2575 actionum
381 2513 416 2574 ab
439 2511 504 2574 aliis
529 2512 613 2573 nobis
637 2511 831 2589 exhibeatur,
862 2512 939 2573 sicut
963 2513 1093 2594 patribus
1122 2512 1251 2588 nostris,
1283 2511 1334 2592 qui

204 2618 277 2700 justi
307 2625 408 2695 erant,
439 2616 601 2678 exhibitum
630 2623 684 2677 est.
738 2615 919 2694 Temeritas,
952 2616 1121 2697 arrogantia
1151 2620 1180 2676 et
1209 2613 1333 2677 audacia

206 2721 372 2783 maledictis
395 2721 509 2796 alleo;
532 2719 696 2783 moderatio
721 2738 806 2798 vero,
829 2720 975 2784 humilitas
999 2727 1029 2784 el
1051 2719 1246 2783 mansuetudo
1265 2720 1332 2800 illis,

207 2828 257 2907 qui
280 2844 298 2887 a
321 2825 386 2888 Deo
409 2825 557 2888 benedieti
580 2830 656 2888 sunt.

205 3016 311 3079 XXXI.
361 3015 540 3091 Videamus,
575 3033 638 3094 qua
669 3015 793 3078 ratione
824 3015 1067 3078 benedictionem
1090 3014 1230 3077 divinem
1253 3034 1330 3079 con·

680 3137 854 3198 sequamur.

295 3242 368 3325 Ejus
391 3242 481 3325 igitur
503 3241 704 3303 benedictioni
726 3239 848 3302 tirmiter
871 3240 1103 3318 adhaereamus,
1128 3247 1158 3302 el
1182 3259 1326 3321 quaenam

203 3349 261 3410 sint
283 3346 498 3410 benedictionis
522 3346 606 3421 viae,
636 3343 798 3406 videamus.
845 3344 952 3405 Animo
975 3350 1161 3424 repetamus,
1188 3362 1266 3424 quaa
1288 3343 1325 3405 ab

203 3452 284 3514 initio
308 3449 387 3513 lacta
408 3454 485 3511 sunt.
530 3443 651 3530 ⁶Cujus
679 3447 775 3528 gratia
798 3445 948 3508 Abraham
978 3454 1062 3527 paler
1095 3454 1197 3509 noster
1227 3447 1325 3509 bene-

202 3555 299 3618 dictus
314 3554 394 3617 luit?
432 3553 549 3632 Nonne,
572 3553 639 3634 quia
658 3552 804 3632 justiliam
828 3557 857 3612 et
882 3550 1037 3611 veritatem
1061 3569 1114 3631 per
1137 3551 1222 3612 [idem
1247 3569 1325 3632 ope-

202 3667 284 3722 ratus
307 3658 379 3721 est?
418 3652 524 3719 ⁷lanae
547 3675 614 3718 cum
637 3653 826 3731 conlidentia,
851 3648 961 3733 ⁸quasi
978 3654 1107 3716 luturmn
1124 3671 1324 3734 cognoscens,

202 3764 331 3826 libenter
353 3761 447 3824 lactus
471 3767 516 3823 est
538 3759 724 3822 sacrificium.
770 3752 893 3819 ⁹Jacob
917 3759 946 3818 iu
970 3757 1131 3820 humililate
1159 3756 1235 3820 ¹⁰ob
1260 3757 1325 3819 lra-

203 3873 277 3928 trem
299 3865 425 3928 secessit
447 3882 465 3926 e
488 3871 568 3926 terra
591 3880 662 3941 sua,
693 3869 722 3923 el
746 3860 899 3942 protectus
923 3869 970 3924 est
991 3861 1027 3924 ad
1050 3862 1168 3939 laban,
1200 3868 1228 3923 el
1252 3879 1323 3924 ser·

202 3972 290 4046 vivit3
314 3976 345 4032 el
367 3970 434 4033 data
456 3975 526 4030 sunt
549 3967 577 4029 ei
601 3965 759 4029 duodecim
788 3962 808 4003 ¹¹
825 3969 942 4046 sceptra
965 3964 1092 4028 lsraelis.

202 4156 318 4222 XXXII.
363 4158 434 4221 Non
459 4176 518 4237 per
547 4175 605 4221 nos
635 4156 724 4234 ipsos
752 4173 809 4215 nec
828 4171 888 4232 per
911 4172 1008 4233 opera
1029 4162 1157 4232 nostra,
1188 4156 1246 4218 sed
1264 4174 1324 4234 per

595 4261 686 4339 fidem
703 4258 924 4337 justificamur.

293 4380 317 4421 ¹²
330 4382 360 4447 st
376 4382 442 4464 quis
458 4383 555 4444 animo
571 4381 689 4443 sincero
705 4377 822 4461 singula
839 4376 1042 4458 perpenderit,
1066 4378 1221 4459 donorum,
1245 4399 1322 4461 quaa

202 4502 301 4556 baccus
320 4519 353 4555 ue
369 4502 494 4554 minimam
506 4500 607 4568 quidem
620 4498 745 4564 objecisse
791 4495 893 4558 tolita
919 4495 1055 4548 Jacobsou.
1099 4494 1199 4565 Ai[roi
1227 4495 1322 4565 φεύγων

201 4605 336 4654 remoram,
356 4596 399 4639 aut
417 4587 460 4638 vel
474 4587 607 4653 suspirium
622 4592 665 4634 sul
677 4599 744 4651 que·
772 4578 897 4650 ddeindr.
925 4587 1015 4633 ll'orr.

201 4676 279 4727 selam
297 4675 412 4727 emisisse
429 4672 543 4740 legatur,
570 4668 636 4722 baud
656 4670 745 4735 inepte
792 4667 836 4733 ll)
859 4665 893 4717 Τό
917 4663 1134 4733 δωδεκάσκφηρον
1156 4689 1191 4715 .-.
1214 4663 1244 4715 τὸ
1267 4664 1320 4714 δω-

201 4762 369 4825 concluditur,
386 4766 645 4830 pssmlopssatoqus
658 4757 745 4807 animo
772 4750 916 4818 destinator,
948 4758 1068 4822 σκῆπτρον
1096 4755 1161 4804 enim
1187 4767 1233 4819 pro
1261 4752 1321 4815 φυλῇ

200 4847 322 4899 voluntati
341 4846 389 4900 Dei
407 4863 436 4898 se
453 4843 603 4910 subjecisse.
629 4843 709 4891 anan.
772 4842 886 4905 sumitur,
905 4850 932 4893 ut
950 4841 1038 4911 lileg.
1061 4840 1101 4904 ll,
1122 4839 1152 4888 31
1173 4838 1241 4904 (35).
1271 4840 1319 4888 Ju-

234 4933 266 4999 8)
284 4932 357 4985 ndns
375 4929 412 4987 sic·
437 4934 563 4983 Woenn.
773 4944 840 4980 saus.

233 5017 264 5087 ll]
282 5017 346 5072 lien.
364 5017 406 5071 28.
791 5013 836 5082 12)
854 5012 906 5067 Cir.
919 5017 1027 5077 ntus,
1046 5009 1166 5063 Athenas.
1179 5007 1206 5061 T.
1218 5008 1238 5060 l.
1254 5025 1280 5078 p.
1293 5008 1318 5062 3.

1273 5293 1319 5300 ..—
