3067 6450
426 1194 646 1265 a'cesssorrs
664 1209 710 1265 eo
729 1207 810 1281 eoa„
821 1210 883 1268 ivr.
901 1210 971 1267 cru.
1198 1218 1257 1287 131

135 1371 246 1435 naevii
278 1370 324 1434 toi
351 1389 417 1434 noo
447 1370 578 1452 deficiet.
623 1369 712 1434 Scies
740 1380 858 1449 colem,
891 1375 978 1453 qood
1006 1377 1131 1439 maltum
1159 1399 1263 1442 semea

136 1487 231 1556 lm,
257 1484 288 1539 el
309 1475 401 1539 liberi
424 1477 469 1538 lai
490 1484 582 1538 eram
605 1478 697 1557 qoosi
721 1478 822 1539 omnis
837 1477 934 1540 lrcrba
950 1483 1061 1558 compi.
1104 1482 1145 1544 Et
1160 1486 1263 1548 venies

135 1583 169 1645 ia
183 1583 393 1662 sepulchrum,
418 1589 564 1661 loaqoam
578 1578 765 1657 [ramsolam
785 1590 950 1659 molerem,
974 1587 1060 1664 qood
1078 1586 1110 1648 in
1127 1597 1263 1668 tempore

133 1696 341 1763 messuerant,
364 1686 414 1749 cel
434 1687 516 1748 sicot
538 1704 672 1748 oeeroas
696 1703 803 1760 oreae,
832 1686 866 1745 ire
890 1694 1023 1767 tempore
1046 1701 1262 1771 comportatos.

135 1791 269 1869 Videtis,
299 1790 413 1867 dilecti,
444 1789 563 1872 protegi
587 1807 659 1867 eos,
691 1791 742 1870 qui
764 1809 782 1852 a
805 1789 932 1853 Domino
964 1795 1164 1875 castigantum
1197 1815 1263 1859 cora

136 1896 215 1957 eoira
247 1894 344 1956 bonos
375 1894 430 1971 sit,
461 1893 588 1976 castigat
617 1910 673 1957 nos
697 1892 795 1983 Deus,
827 1900 858 1957 ut
886 1902 988 1959 sancta
1020 1898 1086 1980 ejus
1110 1899 1264 1981 disciplina

137 1997 410 2062 commonebimus.

137 2189 221 2253 LVII.
260 2188 433 2252 Seditioois
454 2145 598 2252 ariciam
619 2185 813 2269 presbyteris
832 2209 903 2254 sese
917 2191 1098 2272 subjiciant,
1122 2213 1161 2255 ne
1177 2192 1263 2259 Deus

601 2312 654 2356 cos
677 2293 800 2372 perdat.

226 2416 412 2500 vosigitur,
435 2416 486 2496 qui
509 2414 666 2478 seditionis
689 2413 878 2477 fundamenta
891 2416 1017 2499 jecistis,
1040 2417 1069 2480 in
1094 2417 1263 2482 obedientia

138 2521 250 2585 subditi
273 2527 369 2585 estote
397 2519 616 2602 ¹presbyteris,
640 2526 669 2582 et
691 2520 909 2582 correctionem
932 2522 1075 2604 suscipito
1099 2523 1128 2584 io
1153 2527 1264 2606 poeni·

137 2626 270 2704 tentiam,
293 2622 419 2707 ²geaua
443 2625 577 2688 cordium
600 2632 769 2687 vestrorum
799 2623 964 2689 flectentes.
1009 2628 1120 2690 Discite
1147 2631 1264 2713 subjici,

138 2732 326 2814 deponentes
348 2731 512 2814 gloriosam
536 2738 566 2794 et
587 2732 747 2813 superbam
770 2730 891 2814 linguae
907 2739 1027 2795 vestrae
1047 2736 1263 2817 arrogantiam

138 2836 246 2899 melius
269 2837 347 2897 enim
370 2843 417 2898 est
439 2837 469 2899 in
498 2854 596 2919 grege
620 2834 728 2897 Christi
759 2854 869 2918 parvos
900 2844 930 2899 ct
959 2837 1056 2900 bonae
1086 2837 1182 2901 lamae
1209 2857 1263 2901 rc·

137 2943 250 3025 periri,
281 2959 368 3022 quam
391 2941 478 3005 nimis
500 2940 694 3024 splendentes
717 2937 801 3021 ³ape
824 2940 901 3003 illius
926 2930 1067 3026 [Christi]
1093 2943 1169 3024 ejici.
1215 2943 1264 3007 Sic

138 3047 218 3108 enim
243 3045 312 3108 dicit
334 3046 477 3127 snpientia
501 3063 618 3109 omnem
642 3045 781 3107 virtutem
802 3045 1018 3128 complectens:
1050 3042 1163 3123 ⁴ccce,
1183 3065 1264 3126 pro·

137 3154 242 3233 feram
263 3148 353 3214 cobis
376 3151 436 3213 mei
457 3152 593 3231 spiritus
616 3149 801 3228 dictionem,
826 3150 942 3214 docebo
966 3158 1067 3212 colem
1089 3169 1265 3213 coemeram

137 3274 321 3319 sermoneoa
368 3253 524 3332 Quoniam
545 3256 715 3335 vocabam,
746 3264 776 3318 el
803 3277 868 3319 ooo
892 3255 1070 3333 obediistis,
1101 3264 1132 3318 el
1153 3264 1264 3318 extere-

138 3361 252 3424 debcm
273 3358 378 3439 cerba,
400 3369 432 3423 et
453 3381 517 3424 aon
538 3362 729 3438 attendistis,
756 3361 813 3423 sed
835 3361 930 3422 irrita
951 3359 1073 3438 fecistis
1094 3380 1163 3423 meo
1185 3379 1263 3423 coo·

137 3466 233 3543 silio,
263 3465 391 3528 etnicis
413 3465 685 3545 increpationibus
708 3463 838 3527 rebelles
866 3465 996 3545 fuistin
1028 3466 1134 3545 iloqae
1156 3473 1186 3526 et
1208 3481 1264 3544 epo

137 3579 247 3633 oeslra
268 3569 444 3650 perditione
466 3570 594 3648 ridebo,
625 3568 770 3650 obsidebo
794 3575 913 3644 caleio,
940 3569 1151 3632 cumvenerit
1174 3566 1264 3630 cobis

136 3675 300 3753 interitus,
323 3681 354 3736 et
375 3675 495 3756 quoties
515 3675 679 3738 odoeoerit
701 3672 793 3737 oobis
815 3673 920 3737 sabito
944 3673 1106 3749 tomellus,
1140 3672 1263 3735 eocrsio

139 3788 244 3843 colem
264 3781 377 3844 similis
396 3780 555 3861 procellae
577 3777 719 3860 affooit,
744 3778 796 3841 ccl
819 3796 886 3841 com
907 3777 1029 3841 cenail
1049 3776 1139 3840 cobis
1162 3775 1263 3838 tribo-

138 3885 218 3949 lotio
242 3891 273 3947 et
295 3885 471 3965 oppressio.
515 3883 589 3946 Erit
605 3885 697 3961 enim,
721 3901 790 3946 cam
804 3882 993 3946 invocabitis
1008 3900 1065 3959 me,
1089 3900 1145 3961 epo
1162 3888 1265 3943 colem

138 4009 202 4052 non
236 3991 407 4053 exaudiam
440 4008 518 4064 oos,·
554 3995 706 4070 qowcrrl
733 4007 781 4049 me
813 3987 906 4064 moli,
941 3993 971 4049 el
1000 4004 1065 4049 oon
1097 3985 1263 4047 invenient.

141 4093 284 4156 Oderoat
297 4096 378 4156 enim
393 4094 593 4174 sapientiam,
617 4094 756 4156 timorem
773 4099 873 4152 colem
889 4090 1016 4153 Domini
1031 4109 1097 4153 noo
1119 4086 1263 4151 ⁵assom·

138 4205 260 4275 smol,
284 4216 382 4280 oeque
404 4197 553 4262 colebant
574 4197 651 4260 meis
669 4195 829 4259 attendere
844 4194 1006 4265 consiliis,·
1028 4191 1266 4255 subsannabant

138 4312 241 4366 colem
261 4321 346 4366 meas
366 4302 618 4382 redorpotiooes.
655 4299 740 4380 Erpo
761 4299 921 4363 comedent
940 4299 1013 4359 aiae
1034 4315 1112 4359 suae
1125 4293 1263 4374 fractos,

140 4528 179 4595 qai
196 4525 242 4577 bic
253 4523 490 4577 doctrinanilhmr
508 4526 686 4581 wirensis·
713 4520 833 4575 lreneeus
851 4530 902 4574 otc.
930 4521 997 4590 apud
1022 4523 1120 4576 liurei-
1143 4517 1173 4570 Η.
1192 4516 1223 4568 Ε.
1240 4514 1261 4581 1,

139 4614 209 4665 sien
226 4612 403 4679 amessias,
426 4611 530 4680 detegit
714 4607 756 4660 22.
785 4611 846 4661 Cor.

171 4698 202 4764 l)
221 4693 298 4748 Prov.
328 4695 359 4760 l,
389 4696 523 4751 23-31.
585 4695 687 4750 bibrum
749 4695 780 4763 5)
798 4693 838 4746 De
867 4693 916 4745 bac
941 4694 1022 4745 ronna
1050 4690 1136 4743 coristi
1154 4687 1185 4740 ll.
1216 4686 1263 4741 eir.

139 4780 335 4835 Proverbioron
363 4783 441 4835 stiam
465 4787 588 4839 cumeae
611 4785 688 4838 Alex.
715 4783 814 4835 liniter.
833 4780 874 4834 Gr.
893 4795 931 4849 gr.
950 4779 1043 4847 (med.)
1072 4780 1097 4844 §.
1118 4774 1175 4825 101.
1194 4789 1218 4825 s.
1236 4786 1263 4824 r.

141 4867 232 4922 Siron.
250 4867 284 4935 11,
303 4868 345 4920 2².
366 4885 392 4939 p.
411 4869 460 4922 501
482 4866 620 4932 nordperor
643 4883 688 4917 oo·
716 4867 792 4933 ssspe'or.

141 4958 196 5019 star
223 4953 351 5025 appellas,
381 4956 493 5027 itemque
518 4951 690 5026 Bessesippos,

1004 5033 1055 5095 po
