3067 6450
423 1184 581 1241 srtstotn
599 1186 645 1240 Al)
665 1185 867 1242 mounswu.
885 1186 929 1240 Xl.
946 1186 1001 1240 111.
1211 1193 1276 1258 319

147 1348 256 1415 doctor
279 1349 327 1414 lio.
372 1347 457 1423 Quas
479 1347 549 1411 mibi
570 1349 674 1412 tradita
697 1358 776 1429 sunt,
798 1347 988 1414 subministro
1004 1349 1050 1429 iis,
1074 1350 1124 1431 qui
1140 1349 1276 1432 discipuli

147 1457 223 1520 liunt
253 1456 335 1540 digni
365 1456 499 1518 veritate.
548 1456 620 1530 Quis
651 1458 729 1524 enirn
761 1464 844 1519 recte
878 1455 1004 1519 edoctus
1035 1462 1064 1518 et
1093 1456 1129 1517 ab
1155 1454 1275 1520 ¹amico

146 1561 249 1624 Verbo
272 1568 445 1643 generatus,
469 1578 529 1623 non
545 1561 663 1624 studeat
678 1568 817 1625 accurate
834 1561 961 1643 discere,
986 1580 1063 1642 quae
1078 1580 1132 1644 per
1148 1562 1276 1625 Verbum
1371 1613 1374 1619 .

147 1667 232 1730 clare
254 1673 376 1729 ostensa
398 1673 467 1729 sunt
492 1666 655 1748 discipulis,
678 1667 785 1747 quibus
802 1685 836 1730 ea
853 1666 1015 1729 declaravit
1030 1668 1159 1755 Verbum
1181 1667 1276 1757 ipsum

146 1790 307 1854 apparens,
330 1772 425 1834 libere
441 1771 579 1853 loquens,
603 1771 639 1832 ab
656 1771 817 1833 incredulis
834 1789 894 1834 non
911 1771 1100 1850 intellectum,
1124 1771 1276 1852 discipulis

146 1886 246 1941 autem
269 1877 444 1959 colloquens
452 1898 462 1953 ;
487 1877 547 1957 qui,
569 1875 674 1939 fideles
698 1876 734 1938 ab
759 1895 796 1940 eo
820 1876 995 1955 existimati,
1019 1875 1112 1937 Patris
1135 1876 1276 1958 mysteria

145 1982 382 2066 cognoverunt?
428 1981 520 2065 Cujus
552 1982 596 2043 rei
625 1982 720 2063 gratia
749 1982 797 2044 bic
821 1982 951 2044 Verbum
981 1982 1075 2061 misit,
1107 1986 1138 2042 ut
1165 1978 1275 2043 mundo

145 2094 306 2170 appareret
314 2108 323 2164 3
347 2086 437 2168 quod,
461 2086 606 2168 apopulo
622 2091 813 2165 contemtum,
836 2087 872 2148 ab
889 2085 1041 2168 Apostolis
1065 2085 1275 2167 praedicatum,
1376 2159 1379 2175 Ι

144 2212 164 2254 a
187 2191 328 2275 gentibus
352 2198 398 2255 est
420 2191 572 2255 creditum.
619 2190 673 2254 llic
688 2192 724 2254 ab
741 2192 824 2255 initio
846 2198 919 2270 erat,
942 2191 991 2272 qui
1013 2208 1110 2253 novus
1131 2190 1274 2271 apparuit,

145 2303 177 2358 et
200 2292 312 2359 lvetus
334 2296 473 2360 inuentus
496 2302 551 2376 est,
576 2303 605 2358 et
627 2313 747 2379 semper
770 2312 879 2360 recens
895 2298 924 2359 in
944 2302 1114 2359 sanctorum
1133 2295 1273 2358 cordibus

144 2402 287 2488 nascitur.
331 2402 384 2464 llic
407 2403 624 2485 sempiternus,
656 2401 744 2464 hodie
772 2400 848 2464 lilius
879 2409 925 2464 est
956 2406 1158 2481 nuncupatus3
1191 2396 1274 2482 ³per

145 2524 235 2587 quem
268 2506 394 2571 ecclesia
425 2508 550 2586 ditatur,
585 2514 615 2570 et
645 2507 741 2590 gratia
774 2524 907 2587 expansa
936 2505 965 2567 in
995 2505 1106 2568 sanctis
1136 2513 1273 2590 augetur,

144 2612 295 2693 praebens
316 2605 514 2692 intellectum,
538 2611 720 2694 patefaciens
745 2612 903 2693 mysteria,
929 2611 1106 2674 annuntians
1129 2616 1273 2692 tempora,

144 2715 281 2799 gaudens
305 2734 396 2799 super
419 2717 572 2796 fidelibus,
604 2717 815 2798 quaerentibus
839 2716 970 2795 donans,
997 2735 1014 2777 a
1038 2716 1144 2797 quibus
1167 2715 1273 2778 limites

143 2820 215 2883 fidei
249 2840 308 2885 non
339 2821 582 2905 perfringuntur,
617 2840 716 2904 nequo
747 2819 882 2884 ⁴limites
912 2827 1027 2904 patrum
1061 2820 1273 2883 transiliuntur.

143 2925 261 2989 Deinde
284 2932 380 2990 metus
403 2928 480 3009 lepis
504 2927 693 3006 decantatur,
716 2935 746 2989 et
768 2926 979 3008 prophetarum
1003 2924 1125 3009 ⁵gratia
1152 2943 1273 3010 cogno·

142 3031 255 3109 scitur,
287 3038 316 3093 et
340 3032 565 3115 evangeliorum
589 3032 662 3094 sides
686 3032 847 3110 stabilitur,
874 3038 904 3093 et
927 3031 1132 3111 apostolorum
1156 3030 1272 3093 traditio

144 3134 321 3214 custoditur,
345 3142 375 3198 et
398 3137 546 3200 ecclesiae
569 3139 663 3219 gratia
687 3136 823 3198 exsultat.
866 3136 959 3210 Quam
975 3137 1100 3217 gratiam
1117 3153 1177 3198 non
1194 3153 1272 3196 con·

144 3242 265 3303 tristans
289 3261 334 3322 ea,
358 3261 434 3324 quae
457 3244 581 3307 uerbum
603 3244 742 3327 loquitur,
765 3258 934 3323 cognosces
950 3259 1005 3322 per
1020 3259 1084 3319 eos,
1108 3257 1185 3322 quos
1202 3239 1272 3317 vult,

143 3353 174 3407 et
197 3347 316 3427 quando
341 3349 368 3409 ei
391 3348 480 3411 lubet.
525 3343 753 3428 ⁶Quaecunque
777 3346 855 3408 enim
880 3345 1015 3408 voluutas
1033 3345 1165 3426 jubentis
1181 3342 1273 3406 Verbi

142 3468 203 3513 nos
227 3470 292 3514 curn
316 3452 414 3514 studio
439 3451 538 3533 eloqui
562 3452 719 3531 excitavit,
743 3471 783 3513 ex
806 3451 965 3515 dilectione
988 3468 1090 3513 eorum
1116 3468 1192 3530 quae
1217 3465 1272 3510 re-

143 3555 244 3618 velata
267 3563 336 3619 sunt
358 3557 446 3621 nobis
469 3557 624 3620 vobiscum
648 3557 907 3620 communicamus.

142 3745 206 3808 Xll.
256 3746 450 3812 Vehementer
473 3750 603 3812 interest
623 3749 795 3826 borninum,
826 3767 933 3811 ceram
963 3747 1169 3829 sepultionem
1195 3726 1306 3824 pere·
1353 3813 1355 3820 ,

255 3853 375 3932 cipere,
400 3874 481 3935 quoe
504 3875 572 3937 curn
594 3874 671 3916 cera
691 3856 758 3915 citu
782 3856 951 3933 conjuncta
974 3871 1042 3915 csse
1065 3850 1162 3914 debet.

232 3975 317 4051 Quae
341 3996 429 4059 quum
453 3978 588 4062 legeritis
612 3984 642 4040 et
664 3977 815 4041 audieritis
840 3977 992 4057 studiose,
1023 3976 1140 4052 scietis,
1164 3977 1273 4054 quauta

143 4082 289 4165 praebeat
312 4082 394 4146 Deus
417 4085 471 4162 iis,
499 4086 549 4166 qui
572 4090 656 4146 recte
679 4085 775 4165 ipsum
799 4082 939 4165 diligant,
972 4076 1107 4163 ⁷quippe
1130 4079 1180 4160 qui
1204 4076 1274 4140 iacti

143 4189 210 4251 sitis
233 4186 388 4270 paradisus
411 4183 628 4276 ⁸deliciurum,
660 4189 798 4251 arborem
822 4185 965 4248 fructibus
993 4185 1110 4266 plenam
1133 4182 1273 4263 belloque

143 4293 360 4377 germinantem
383 4293 413 4355 in
435 4293 522 4356 vobis
545 4294 617 4374 ipsis
641 4291 859 4375 producentes,
885 4291 973 4352 variis
998 4289 1140 4352 fructibus
1166 4285 1272 4349 ornati.

144 4396 177 4460 ln
201 4391 285 4459 ’boc
307 4399 385 4460 enim
409 4397 477 4462 loco
500 4397 613 4482 lignum
636 4397 817 4480 cognitionis
842 4402 871 4457 et
887 4394 999 4477 lignum
1018 4396 1097 4457 vitae
1113 4393 1272 4476 plantatum

179 4514 695 4587 ⁵)1.a.grnn,qmt’ropteuentu-
722 4522 789 4570 aucit
817 4518 926 4585 sufetes
952 4533 1067 4569 ensem
1092 4514 1210 4583 Hispabe
1237 4524 1273 4563 ast

145 4605 232 4657 minati
251 4612 316 4657 sunt.
338 4602 339 4606 ’
723 4607 771 4658 doe
789 4621 843 4657 une
862 4621 922 4656 com
940 4605 1029 4672 Lepos
1045 4596 1254 4671 Geoffenturte“
1342 4632 1345 4641 .

758 4690 787 4753 7)
817 4687 861 4749 Oi,
891 4688 960 4756 quod
990 4686 1105 4738 Merauus
1136 4683 1270 4736 delendum

181 4779 210 4842 6)
236 4775 295 4831 Otto
319 4779 407 4830 vertit:
435 4782 535 4846 „lieren
561 4794 619 4832 sous
644 4778 697 4830 wir
723 4782 808 4843 putat,
827 4773 973 4826 detenditur
990 4788 1004 4824 a
1024 4772 1124 4825 lioltco.

146 4868 215 4918 neeis
238 4868 295 4919 den
323 4867 418 4919 Witlen
444 4868 500 4919 und
524 4868 561 4918 im
584 4868 696 4935 Auptrap
757 4863 788 4932 8)
806 4861 970 4913 llollmannus
988 4858 1105 4925 conjicit:
1132 4853 1215 4925 τρύγης
1232 4878 1269 4907 =

147 4952 193 5005 dee
211 4953 301 5023 Lepus
327 4954 374 5005 nuit
397 4954 596 5023 anforsus-adem
619 4954 698 5020 [diser
722 4954 830 5005 musis.

147 5040 341 5109 mulslim,
371 5040 422 5094 du
451 5041 545 5093 tbeilen
571 5041 625 5093 πού·
650 5040 697 5093 mit
758 5038 788 5102 9)
808 5035 850 5090 Sc.
867 5036 893 5089 in
910 5034 1037 5105 paradiso.
1066 5037 1165 5086 Busan.
