3067 6450
446 1205 466 1261 1.
484 1204 667 1262 cauum
685 1206 732 1261 AD
750 1206 825 1261 COR.
844 1206 916 1262 xm.
934 1206 1018 1263 xiiii.
1232 1213 1291 1282 111

167 1458 253 1547 xtu.
300 1458 390 1522 Ordo
420 1458 633 1521 ministrorum
663 1459 698 1520 in
728 1457 863 1520 ecclesio
888 1478 909 1521 o
933 1458 1058 1522 Christo
1088 1463 1295 1537 constitutua3

335 1562 486 1643 Episcopi
510 1570 540 1624 et
560 1561 699 1626 Diaconi
722 1562 761 1625 ob
785 1562 948 1642 Apostoiis
974 1566 1124 1628 ordinati.

254 1687 392 1769 Apostoli
415 1686 503 1749 nobis
515 1686 604 1766 jussu
620 1684 735 1748 Domini
752 1684 825 1748 Jesu
843 1685 951 1748 Christi
980 1685 1294 1771 ¹evangelizavernnt‚

163 1792 257 1856 iesus
286 1791 420 1854 cbristus
444 1793 530 1873 jussu
562 1789 626 1852 Dei.
672 1790 782 1852 Missus
813 1798 859 1853 est
889 1791 979 1873 igitur
1009 1791 1142 1855 Christus
1173 1813 1190 1856 a
1217 1794 1297 1873 Dee,¹
1372 1776 1374 1783 ¹

163 1904 195 1962 et
217 1897 356 1980 Apostoli
386 1916 402 1958 a
430 1896 566 1969 cbristo;
600 1900 630 1957 ct
660 1893 769 1958 iactum
800 1903 847 1958 est
878 1902 1035 1975 utrumque
1066 1896 1220 1960 ordinatim
1252 1916 1293 1961 ex

163 2002 318 2065 voluntate
340 2001 405 2062 Dei.
450 2000 553 2081 ltaque
575 2000 706 2079 acceptis
729 1999 883 2078 mandatis,
908 2006 936 2062 et
959 2019 1013 2081 per
1039 2003 1292 2065 resurrectionem

163 2106 284 2171 Domini
313 2105 409 2168 nostri
430 2104 506 2167 iesu
527 2102 636 2166 Christi
668 2101 784 2185 tptem
816 2104 993 2168 certitudine
1025 2106 1144 2183 imbuti,
1175 2106 1292 2188 Deique

163 2211 260 2274 verbo
282 2206 493 2288 ³eontrmari,
525 2206 622 2271 ‘eum
653 2216 734 2271 certa
759 2211 885 2292 Spiritus
915 2213 1010 2274 sancti
1036 2210 1143 2275 fiducia
1174 2213 1292 2295 egressi

162 2324 250 2396 snut,
280 2315 495 2379 annunciantes
526 2315 615 2397 regni
641 2314 697 2377 bei
728 2315 897 2379 adventum.
943 2316 999 2378 Per
1029 2316 1171 2399 regiones
1201 2318 1292 2401 igitur

161 2429 193 2485 ct
221 2414 314 2484 urbes
345 2420 468 2482 verbum
498 2417 723 2501 praedicantes,
757 2421 899 2503 primitias
934 2439 1053 2500 earum,
1088 2422 1193 2503 spiritu
1224 2440 1290 2485 cum

160 2528 358 2612 probassent,
381 2523 628 2591 ⁵constituerunt
651 2522 841 2608 ⁶episcopos
865 2533 895 2588 et
918 2525 1062 2588 diaconos
1088 2544 1208 2606 eorum,
1239 2527 1291 2608 qui

160 2631 304 2696 credituri
337 2636 429 2693 erant
484 2629 592 2711 Neque
626 2630 683 2693 boc
716 2631 837 2712 quidem
871 2650 980 2695 novum
1016 2632 1178 2695 institutum
1216 2633 1288 2709 iuit3

158 2738 259 2802 mattis
281 2736 359 2799 enim
383 2742 466 2798 retro
488 2735 601 2798 seculis
624 2735 662 2797 de
685 2737 835 2819 episcopis
856 2742 884 2798 et
909 2736 1042 2799 diaconis
1066 2737 1208 2818 scriptum
1231 2743 1286 2801 est

158 2844 210 2909 sic
233 2841 312 2904 enim
336 2840 443 2903 alicubi
467 2839 537 2902 dicit
558 2841 720 2921 scriptura:
749 2834 959 2904 'constituam
984 2842 1153 2921 episcopos
1179 2860 1286 2905 eoraaa

159 2950 194 3010 in
209 2947 352 3027 justitia,
376 2953 406 3008 et
426 2946 583 3009 diaconos
606 2964 714 3007 eoram
739 2947 774 3007 in
794 2947 865 3025 fide.

157 3138 256 3202 XLiIi.
295 3137 396 3201 dieses
418 3137 492 3199 oiim
508 3137 731 3201 contentionem
748 3138 786 3198 de
802 3138 995 3201 sacerdotati
1012 3137 1163 3217 dionitute
1182 3144 1284 3199 ortona

654 3244 787 3306 sedavit.

185 3355 191 3362 ’
245 3363 284 3428 tu
305 3365 375 3447 quid
398 3364 520 3442 mirum,
551 3366 594 3444 si,
624 3366 731 3445 quibus
761 3365 790 3426 in
815 3364 932 3428 cbristo
955 3383 971 3426 a
995 3363 1060 3426 Deo
1089 3363 1147 3425 beo
1176 3379 1282 3426 munus

156 3465 373 3532 ⁸comruissum
389 3468 453 3546 suit,
476 3468 645 3550 praedictos
660 3469 891 3531 constituerint?
915 3466 1154 3549 quandoquidem
1177 3467 1282 3529 beatus

155 3573 291 3656 Moyses,
314 3567 444 3653 ⁹fidciis
466 3592 577 3637 amoos
599 3575 634 3635 in
655 3573 807 3635 universa
829 3572 928 3646 domo,
957 3566 1098 3648 ¹⁰ornnia,
1125 3588 1203 3650 quae
1226 3570 1282 3650 ipsi

155 3676 293 3740 mandata
326 3684 427 3756 erant,
458 3678 487 3739 in
516 3679 610 3740 sacris
640 3678 722 3740 tibris
751 3680 916 3752 notaverit;
950 3695 1036 3758 quern
1071 3675 1183 3738 caeteri
1205 3691 1282 3755 pre-

155 3783 266 3864 pbetac
288 3784 407 3864 sequuti
428 3789 507 3862 suut,
530 3783 577 3862 iis,
601 3800 677 3864 quae
699 3783 736 3844 ab
760 3782 826 3863 ipso
849 3781 961 3843 sancita
981 3787 1059 3860 sunt,
1082 3779 1282 3842 testimonium

155 3889 269 3967 pariter
290 3886 492 3968 perhibentes.
535 3886 588 3949 ille
617 3888 712 3965 enim,
744 3905 812 3949 cum
843 3886 998 3949 aemulatio
1028 3904 1083 3967 pro
1113 3883 1282 3949 sacerdotio

157 3991 320 4070 incidisset,
342 3998 373 4054 et
394 3991 489 4054 tribus
511 3991 589 4053 inter
612 4009 646 4052 se
669 3990 876 4068 dissentirent,
905 4010 1050 4072 quaenam
1073 3990 1187 4052 iliarum
1209 3988 1282 4071 gio-

155 4095 239 4158 rioso
272 4093 324 4157 ido
354 4097 475 4159 nomine
508 4094 639 4159 ornanda
674 4102 772 4175 esset,
811 4094 831 4133 ¹¹
844 4096 935 4178 jussit
965 4094 1130 4158 duodecem
1154 4094 1282 4156 tribuum

187 4269 219 4332 8)
238 4269 421 4323 Hmaavde'raee.
456 4265 493 4318 ita
512 4281 543 4318 cx
562 4265 606 4317 tta.
627 4267 702 4318 reati·
732 4265 818 4331 (Num.
836 4283 858 4318 e.
874 4266 918 4330 17)
936 4265 961 4318 b.
976 4263 1093 4317 Clemens
1110 4264 1197 4331 adjicit
1212 4278 1280 4316 nou·

156 4356 200 4405 tuit
211 4353 358 4407 Wottorrua.
389 4353 478 4406 iunius
497 4352 564 4404 nais
580 4352 644 4421 legit
659 4371 705 4401 m-
732 4352 817 4404 nuiias
838 4353 1039 4404 circumstantias
1055 4351 1191 4404 admodum
1208 4352 1280 4404 vari·

154 4438 286 4498 cariem
314 4439 366 4494 (lit.
379 4439 426 4494 Tit.
442 4441 465 4504 1,
479 4440 510 4492 3:
530 4438 556 4488 ir
567 4437 704 4506 κηρύγματι,
731 4438 838 4503 similer,
857 4447 933 4507 atque
946 4447 974 4490 at
987 4439 1090 4491 videtur
1105 4439 1233 4490 dcaumtrs
1248 4452 1280 4488 ax

154 4521 169 4577 3
184 4525 333 4592 inroreidpr
348 4524 395 4596 iyni
406 4523 460 4576 κατ’
470 4524 586 4593 ἕπιταγήν
598 4527 642 4576 τοῦ
654 4543 704 4573 σω·
724 4509 905 4577 Ἠὠῐεοοηιω
924 4525 1110 4578 traditionibus.
1141 4522 1203 4575 Cum
1215 4535 1280 4574 voto

156 4616 222 4681 τῆρος
238 4610 307 4677 ἤμῶν
326 4612 397 4664 Θεοῦ.
732 4611 868 4664 duedecim
880 4614 964 4681 virgas
976 4614 1056 4681 ponit,
1074 4612 1165 4664 eadem
1178 4611 1204 4660 in
1216 4622 1279 4660 sen·

189 4699 221 4768 9)
238 4697 318 4752 iiabr.
337 4698 364 4766 3,
382 4700 407 4752 5.
443 4699 516 4752 Num.
537 4697 579 4764 12,
600 4698 624 4750 7.
732 4700 812 4750 tentia
838 4708 955 4751 venamur
985 4715 1015 4750 ae
1042 4702 1118 4753 Parte
1144 4698 1277 4760 dudam,

174 4785 220 4854 to)
241 4783 475 4855 Tidmrrnppi'ru.
493 4784 705 4837 Autabmveees
731 4783 785 4837 Lib.
813 4783 846 4836 111
877 4784 909 4836 de
935 4785 992 4836 t'ita
1019 4783 1097 4835 diesis
1127 4781 1207 4848 (Opp.
1237 4777 1279 4831 cd.

156 4869 309 4937 cotelerius,
329 4871 489 4925 cotoneum
504 4879 530 4923 et
542 4869 706 4924 Couauutius
734 4870 853 4940 flamm,
874 4869 901 4922 T.
921 4871 950 4923 11.
972 4887 997 4938 p.
1020 4869 1092 4936 162),
1113 4867 1280 4937 semaam

156 4959 319 5011 mendara
336 4958 432 5012 ducunt
449 4957 481 5016 io
508 4962 565 5012 dne.
731 4957 828 5024 (Sarm.
835 4957 896 5009 2⁴5.
907 4954 1022 5024 Appeud.
1033 4954 1061 5007 T.
1069 4953 1099 5005 V.
1113 4954 1153 5006 ed.
1160 4950 1279 5018 bened.)-

172 5045 220 5116 11)
243 5043 393 5100 flaimtrdo
420 5046 549 5116 virgam!
575 5042 706 5098 historiam
734 5046 832 5098 Oerru.
