3067 6450
138 1190 166 1245 8.
185 1189 391 1261 comesses]
480 1270 494 1311 Ι
577 1190 834 1246 ettotsoousud.
1149 1195 1268 1251 mxm

135 1352 296 1435 Polycarpi
328 1355 470 1436 martyrio
506 1354 581 1418 tama
612 1361 721 1416 tantum
755 1373 790 1416 ac
822 1374 943 1418 rumore
977 1363 1064 1418 tenus
1094 1357 1268 1437 audiissent,
1379 1368 1388 1389 ·

135 1457 251 1520 litteras
271 1458 417 1521 dederont
434 1459 470 1521 ad
487 1462 718 1543 Smyrnaeorum
740 1460 905 1540 ecclesiam,
929 1469 1080 1544 rogantes,
1102 1470 1134 1525 nt
1151 1471 1266 1542 cuncta,

135 1563 268 1644 quaein
292 1563 452 1626 beatissimi
477 1566 531 1628 vici
555 1567 695 1646 passione
717 1570 802 1646 gesta
831 1564 964 1641 lucrant,
996 1567 1164 1649 singillatim
1193 1588 1266 1650 pcr-

134 1669 247 1749 scripta
271 1668 307 1729 ad
331 1671 413 1749 ipsos
437 1670 631 1731 mitterentur.
677 1669 764 1744 Quod
797 1671 915 1751 quidem
951 1672 1143 1736 libentissime
1173 1693 1266 1755 prae-

134 1776 277 1836 stiterunt
300 1775 472 1856 Smyrnaei,
496 1777 604 1856 scripta
628 1775 664 1836 ad
688 1777 771 1856 ipsos
795 1776 939 1857 epistola,
968 1795 1054 1857 quam
1079 1779 1107 1839 in
1131 1780 1265 1841 nianibus

135 1879 289 1941 babemus.
335 1879 366 1941 ld
389 1887 486 1943 cutem
509 1879 696 1943 subindicant
719 1864 764 1942 bis
789 1881 889 1942 veritis
917 1879 963 1964 (c.
988 1879 1065 1963 2o):
1098 1877 1187 1962 ὑμεῖς
1208 1878 1266 1962 μὲν

134 1970 191 2046 οὖν
224 1971 381 2069 ἠξιώσατε
412 1977 467 2048 <tad
500 1975 655 2048 πλειόνων
687 1981 874 2069 δηλωθῆναι
908 1973 983 2064 ὑμῖν
1016 1977 1057 2046 τα
1089 1980 1263 2069 γενόμενα.“
1336 2049 1340 2058 ,

134 2089 197 2153 Sed
217 2093 320 2169 primo
344 2109 423 2154 anno
446 2098 514 2173 post
537 2097 661 2153 mortem
687 2091 714 2153 S.
732 2091 886 2172 Polycarpi
910 2097 973 2152 acta
998 2090 1074 2152 baec
1097 2093 1265 2175 conscripta

134 2214 208 2258 esse
231 2195 301 2258 inde
324 2214 363 2257 ex
386 2214 424 2259 eo
448 2203 580 2276 apparet,
604 2196 684 2276 quod
708 2196 820 2276 primos
843 2194 907 2256 dies
932 2196 1155 2258 anniversarius
1178 2196 1265 2278 bajus

135 2301 268 2382 martyrii
293 2300 423 2363 nondum
447 2300 615 2363 celebratus
640 2300 703 2376 luit,
727 2309 758 2363 ut
783 2321 823 2363 cx
845 2319 908 2382 cap.
935 2298 975 2363 18
999 2302 1203 2383 perspicimus.

225 2405 271 2468 lv.
317 2404 477 2487 Epistolam
513 2405 550 2467 de
585 2407 725 2488 martyrio
759 2405 931 2485 Polycarpi,
966 2407 1085 2468 nominc
1117 2405 1264 2468 ecclesiae
1293 2397 1296 2403 ’

134 2509 328 2592 smyrnensis
351 2511 387 2571 ab
407 2510 553 2573 Euaresto
577 2511 785 2591 conscriptam,
809 2510 927 2572 Marcus
950 2510 1078 2590 quidam,
1100 2528 1155 2573 seu
1180 2511 1263 2574 llor-

136 2617 236 2676 lianus
254 2612 296 2698 ¹),
319 2614 356 2676 ad
380 2615 622 2677 Philomelienses
645 2611 825 2699 perlutit²):
868 2614 1027 2695 Exemplar
1052 2623 1150 2676 autem
1173 2614 1262 2696 bujus

135 2719 282 2802 epistolae
304 2720 404 2783 babuit
419 2720 581 2797 irenaeus,
606 2720 684 2800 quod
705 2720 804 2798 θυίαν
824 2720 891 2801 ejus
912 2720 1073 2800 discipulus
1094 2718 1261 2800 descripsit,

135 2831 166 2888 et
189 2833 346 2906 postcom
369 2827 519 2890 Socrates
542 2826 659 2907 quidam
684 2825 870 2903 Corinthius,
902 2832 990 2904 atque
1017 2823 1108 2902 alius,
1130 2824 1262 2887 Piouiua

134 2934 258 2993 nomine
274 2926 316 3014 ³).
962 2926 966 2932 ’

225 3036 258 3097 V.
295 3035 445 3117 Epistolce
462 3037 652 3118 Smyrnensis
675 3034 822 3097 ecciesiae
844 3036 984 3117 optimum
999 3034 1147 3097 Eusebius
1169 3051 1261 3114 prae-

135 3141 200 3204 buit
223 3141 440 3220 testimonium,
471 3143 520 3220 qui
545 3143 691 3222 potiorem
716 3140 782 3222 ejus
805 3147 918 3221 partem
943 3140 1084 3202 historiae
1108 3157 1181 3199 suae
1212 3138 1262 3199 in·

134 3248 239 3323 seruit,
264 3246 346 3308 bisce
367 3248 467 3308 verbis
481 3242 531 3329 ⁴):
554 3236 597 3307 Ἐν
617 3241 722 3329 τούτῳ
744 3244 781 3309 δὲ
804 3243 977 3330 (tempore)
1000 3234 1262 3327 ὁΠολίκαρπος,

131 3347 290 3435 μεγίστων
310 3344 366 3436 την
388 3341 489 3412 Ἀσίαν
510 3341 814 3433 ἅναθορυβησὰντιυν
835 3348 998 3431 διωγμῶν,
1020 3344 1187 3433 μαρτυρίαι
1210 3366 1261 3409 τε·

131 3453 286 3519 λειοῦται.
328 3446 584 3539 Ἀναγκαιότατον
613 3453 650 3519 δὲ
680 3451 779 3517 αὐτοῦ
807 3450 845 3517 τό
876 3449 984 3529 τέλος,
1017 3443 1184 3537 ἐγγράφως
1213 3443 1262 3512 ἔτι

131 3550 315 3647 φερόμενον,
336 3556 468 3645 ἡγοῦμαι
489 3559 554 3624 δεῖν
575 3555 678 3645 μνήμη
700 3559 758 3644 τῆς
780 3553 923 3644 ἱστορίας
940 3555 1032 3641 τῆςδε
1046 3551 1261 3618 καταθέσθαι.

133 3663 222 3730 Ἔστι
245 3662 282 3729 δὲ
302 3660 322 3751 ἡ
338 3664 445 3751 γραφη
463 3660 497 3729 ἐκ
511 3657 693 3752 προσώπου
708 3653 747 3748 ἧς
762 3657 859 3738 αὐτὸς
873 3659 1036 3747 ἕνοιλησίας
1050 3653 1166 3747 ἡγεῖτο,
1189 3663 1262 3735 ταῖς

130 3764 212 3835 mai
242 3759 365 3835 Πόντον
394 3767 580 3858 παροικίαις
610 3766 651 3834 τοί
681 3760 750 3833 κατ’
782 3764 879 3832 αὐτόν
908 3759 1175 3852 ἀποσημαίνουσα
1206 3756 1276 3829 ιίιιὶΙ

128 3866 255 3940 τούτων
274 3898 301 3938 ιι.
324 3874 401 3938 ml.
446 3877 617 3957 Sequuntur
641 3878 733 3939 verba
757 3875 904 3956 epistolae
927 3880 1057 3937 nostrae.

221 3980 350 4059 ibidem,
383 3988 539 4062 postquam
563 3981 710 4043 Eusebius
739 3980 828 4041 multa
857 3980 979 4059 protulit
1001 3997 1040 4040 cx
1064 3995 1101 4039 ea
1123 3975 1260 4058 epistola,

131 4085 281 4151 concludit
302 4086 347 4149 his
365 4086 482 4148 verbis:
511 4076 558 4148 Τᾰ
579 4080 637 4164 μὲν
660 4076 701 4169 δη
723 4074 805 4146 κατα
826 4077 881 4145 τὸν
901 4076 1084 4162 θαυμάσιον
1105 4076 1156 4143 καί
1178 4074 1261 4143 aino-

130 4183 278 4258 στυλυιόν
300 4181 531 4274 Πολὺκαρπον,
560 4179 713 4253 τοιούτου
738 4182 914 4271 κατηξίωτο
937 4182 1066 4262 τέλους,
1095 4184 1160 4246 τῶν
1181 4173 1261 4247 κατα

129 4289 188 4382 τήν
209 4289 395 4380 Σμυρναίων
416 4288 578 4379 ἐκκλησίαν
599 4285 749 4379 ἀδελφῶν
769 4287 825 4376 την
847 4287 1000 4377 ἱστορίαν,
1023 4285 1054 4354 ἐν
1075 4277 1096 4374 ᾗ
1118 4278 1259 4373 δεδηλώ-

130 4421 225 4483 καμεν
246 4390 350 4464 αὐτῶν
372 4395 540 4485 ἐπιστολῇ,
561 4390 844 4477 ammonentem.

169 4606 196 4672 l)
214 4605 251 4658 lta
269 4605 372 4657 exbibet
389 4614 464 4658 vetus
482 4606 616 4672 interpres.
708 4603 767 4654 vitia
795 4599 895 4651 Petrum
923 4598 1040 4650 oriental.
1068 4596 1125 4649 T.l
1152 4604 1179 4647 ct
1204 4601 1261 4662 post

167 4691 196 4756 2)
214 4692 278 4746 vida
298 4692 398 4758 llartyc.
418 4691 553 4758 Polycaepi
571 4705 594 4741 c.
614 4690 656 4740 20.
708 4704 765 4739 cum
780 4688 928 4741 Bottcntluc
941 4684 1022 4736 edidit
1033 4686 1058 4734 in
1070 4682 1139 4735 Actia
1150 4682 1259 4734 Sancto·

168 4781 196 4844 3)
216 4778 279 4832 lbid.
289 4797 312 4830 c.
322 4780 365 4829 22.
386 4778 448 4830 Aeto
459 4778 583 4847 quaedem
594 4776 619 4827 S.
628 4775 681 4827 Po·
709 4791 762 4826 rum
782 4773 813 4824 nd
833 4774 899 4824 diem
917 4770 950 4821 26
969 4770 1070 4821 lanaar.

130 4867 230 4934 lycarpi
256 4867 358 4933 spuria,
388 4864 476 4916 l’iccio
503 4863 561 4915 bulo
584 4864 682 4915 auctam
743 4861 772 4925 l)
792 4860 855 4913 llist.
876 4859 940 4911 cccl.
960 4857 1001 4922 lli,
1023 4857 1064 4906 15.

130 4953 197 5007 ῐιῑιο
215 4953 323 5019 tributo,
348 4954 448 5007 Patriae
473 4949 632 5007 Haltoioeiuc
657 4952 682 5003 in
