3067 6450
355 1178 577 1235 renuamus
596 1180 641 1234 nn
663 1180 735 1235 coa.
755 1182 829 1236 xxv.
847 1182 931 1238 nnn.
951 1184 1048 1240 xxru.
1220 1192 1259 1256 9¹

139 1342 339 1423 spectantibus
372 1342 506 1405 omnibus
540 1341 647 1405 diurno
683 1350 817 1425 ternpore
850 1345 1011 1425 advolans,
1045 1366 1136 1430 super
1170 1350 1262 1412 attare

139 1447 217 1509 Solis
240 1446 290 1509 uta
312 1447 449 1526 collocat,
472 1455 562 1528 atque
584 1450 635 1525 its,
658 1447 738 1510 unde
761 1455 901 1527 venerat,
924 1426 1103 1532 repreditur.
1150 1453 1262 1516 Sacer-

138 1549 224 1612 dotes
247 1553 477 1613 commentarios
500 1557 666 1633 temporum
689 1551 849 1633 diiigenter
872 1555 1049 1634 inspiciunt,
1082 1561 1112 1617 et
1141 1557 1262 1638 impleto

137 1673 216 1718 anno
239 1656 478 1737 quingentesimo
502 1655 628 1718 rediisse
651 1655 727 1719 itiam
752 1658 946 1736 comperiunt

172 1842 279 1906 XXVI.
323 1843 530 1926 Resnrpemne
552 1846 658 1927 ipitnr,
682 1847 767 1926 quod
789 1855 819 1908 et
840 1846 870 1908 S.
894 1847 1060 1927 Scriptura
1083 1858 1224 1915 testatur.

223 1966 273 2030 An
303 1985 440 2049 magnum
470 1968 560 2049 igitur
590 1974 620 2030 et
648 1968 820 2030 admirabile
850 1969 1075 2050 arbitrabimur,
1108 1973 1133 2033 si
1163 1990 1262 2037 rerum

136 2073 268 2135 omnium
291 2072 394 2153 opifex
415 2090 580 2155 resurgere
603 2091 657 2135 eos
682 2071 787 2152 iaciat,
819 2074 868 2153 qui
898 2074 926 2135 in
957 2075 1054 2136 bonae
1084 2074 1151 2136 [irtei
1183 2093 1263 2137 aon-

135 2175 257 2238 fidentia
280 2174 424 2257 religiosa
446 2177 487 2238 un
515 2177 732 2255 inservierunt,
766 2196 831 2239 cum
863 2196 917 2259 per
946 2179 1099 2240 volucrem
1129 2181 1261 2259 promis-

135 2283 231 2345 sionis
254 2298 330 2344 suae
353 2276 600 2364 magnificentiam
623 2280 740 2344 abunde
764 2281 850 2343 nobis
870 2280 1054 2361 patefaciat?
1092 2282 1168 2344 Dicit
1184 2284 1262 2345 enirn

136 2385 263 2448 aiiaubi:
296 2384 490 2447 'suediabis
512 2405 576 2461 me,
609 2394 639 2447 et
670 2385 937 2464 conprehendam
969 2393 1015 2447 et:
1047 2383 1210 2450 ²dormiai
1233 2395 1263 2448 et

136 2499 307 2570 reparatas
328 2509 414 2561 snm;
445 2492 593 2566 surrexi,
625 2491 699 2570 qaia
727 2497 760 2549 tu
787 2508 902 2550 anacam
930 2509 971 2551 es.
1017 2489 1054 2552 Et
1076 2508 1181 2553 rursus
1203 2490 1261 2555 tob

136 2591 222 2653 dicit:
256 2589 311 2653 ³et
331 2611 457 2655 carnem
480 2595 563 2656 bana
585 2613 682 2657 meum
704 2593 928 2670 resuscitabis,
953 2614 1034 2674 qaae
1057 2596 1162 2658 amnia
1185 2595 1263 2658 baea

134 2714 235 2775 passa
258 2703 312 2758 eet.

136 2885 253 2951 xxvu.
298 2885 359 2966 Spe
382 2888 626 2951 resurrectionis
650 2887 878 2953 adhaereamus
901 2890 979 2965 Deo,
1004 2890 1208 2967 omnipotenti
1231 2898 1261 2952 et

599 2993 804 3056 omnipotenti.

223 3111 287 3173 Han
315 3112 406 3194 igitur
436 3129 491 3195 spe
521 3113 608 3177 animi
639 3117 733 3178 nostri
767 3115 803 3178 ad
837 3133 904 3178 eum
935 3113 1174 3197 adstringantur,
1210 3113 1260 3193 qui

136 3216 233 3280 fidelis
257 3224 302 3279 est
324 3218 354 3281 in
376 3219 642 3299 promissionibus,
666 3227 695 3282 et
713 3221 815 3303 justus
838 3220 866 3282 in
886 3219 1030 3301 judiciis.'
1062 3217 1118 3291 Oui
1143 3217 1261 3278 mentiri

137 3323 251 3401 vetuit,
281 3321 371 3384 mutto
395 3323 491 3385 miuus
514 3320 604 3404 ⁴ipse
627 3325 801 3399 ruentietur;
832 3324 904 3385 nibil
927 3324 1004 3385 enim
1029 3322 1092 3383 Deo
1118 3321 1260 3401 impossi-

136 3426 198 3487 bite
230 3430 439 3506 praeterquam
468 3428 594 3490 mentiri.
639 3426 846 3489 Exsuscitetur
877 3427 977 3504 itaque
1008 3426 1036 3485 in
1070 3424 1155 3485 nobis
1186 3422 1261 3484 fides

138 3531 215 3611 ejus,
243 3536 273 3591 et
296 3530 375 3610 quod
400 3531 497 3592 omnia
521 3531 576 3612 ipsi
599 3533 765 3612 propinqua
788 3532 856 3607 sint,
881 3530 1115 3592 consideremus.
1161 3527 1262 3588 Verbo

138 3635 300 3717 majestatis
322 3652 394 3698 suae
416 3636 568 3697 coustituit
591 3636 699 3712 omnia,
727 3642 757 3696 et
780 3635 874 3696 verbo
897 3652 953 3695 suo
977 3636 1075 3714 potest
1098 3632 1144 3691 itta
1168 3647 1262 3691 ever·

138 3744 210 3800 tere.
259 3734 368 3811 ⁵0ais
399 3739 483 3801 diaet
513 3741 560 3801 ei:
594 3739 671 3820 quid
699 3736 835 3815 saciati?
884 3736 936 3798 ret
966 3738 1037 3817 quis
1065 3733 1263 3812 fortitudinia

140 3845 207 3921 ejus
238 3841 348 3904 robori
378 3843 527 3905 resistet?
572 3842 698 3916 Quando
722 3841 801 3918 vult,
832 3846 861 3901 et
884 3840 1034 3921 quomodo
1058 3839 1136 3916 vuit,
1166 3838 1264 3899 onmia

141 3946 227 4007 iactet
237 3966 247 4021 3
278 3940 406 4027 ‘neque
435 3946 592 4026 quidquam
623 3946 659 4007 ab
688 3964 726 4007 eo
757 3945 850 4006 semel
874 3944 1024 4006 decretum
1057 3937 1262 4024 'praeteribit

141 4048 244 4112 Omnia
276 4067 376 4111 coram
407 4051 472 4129 ipso
502 4057 586 4127 sunt,
619 4049 751 4129 nihilque
782 4050 937 4111 consitium
967 4049 1033 4129 ejus
1064 4046 1154 4108 latuit.
1200 4042 1264 4106 ⁸st

141 4154 217 4215 coeti
250 4162 403 4216 enarrant
432 4154 566 4234 ptoriam
597 4153 675 4225 Dei;
710 4171 788 4232 opus
819 4172 963 4216 mannam
996 4155 1063 4229 ejus
1096 4151 1265 4213 prenuntiat

141 4257 370 4333 firmamentum.
404 4258 481 4320 Dies
504 4257 568 4319 diei
590 4263 711 4319 eructat
733 4256 869 4332 verbnm,
893 4264 923 4318 at
943 4275 1010 4318 noa
1033 4256 1119 4316 nocti
1143 4255 1266 4315 indicat

143 4362 304 4422 apientiam
311 4379 323 4433 ;
354 4368 384 4421 et
406 4378 471 4422 non
492 4368 565 4423 sant
588 4361 746 4440 loquetae,
779 4380 877 4440 neque
899 4378 1073 4435 sennanes,
1108 4354 1265 4439 ⁹qnarum

145 4483 203 4529 non
228 4466 401 4529 audiantur
423 4486 523 4530 vaces.

175 4654 205 4720 4)
226 4650 277 4705 Cir.
297 4651 343 4705 Tit
363 4654 389 4716 1,
406 4651 432 4703 2.
468 4650 546 4703 flobr.
565 4652 590 4717 6,
611 4653 652 4703 18.
715 4654 753 4700 καὶ
774 4649 845 4703 addin
861 4649 895 4715 prr}
909 4652 1022 4716 mnpr'ldp,
1042 4649 1088 4701 sed
1103 4648 1148 4699 cst.
1165 4649 1265 4707 Miner,

176 4741 206 4807 5)
224 4739 283 4808 sap.
306 4739 347 4802 12,
367 4738 408 4791 12.
435 4738 476 4800 11,
495 4738 537 4789 22.
716 4747 825 4790 neutest.
845 4737 1013 4799 Grammatiis,
1036 4735 1096 4785 edit.
1116 4733 1156 4784 lV.
1175 4734 1200 4796 §.
1220 4729 1263 4780 60.

178 4825 206 4883 61
225 4825 278 4877 cn.
298 4823 383 4876 narni.
402 4825 445 4888 2⁴,
464 4824 506 4876 35.
716 4841 742 4892 p.
762 4824 822 4873 ⁴72.
842 4821 866 4873 ³.
887 4832 913 4873 et
931 4821 1017 4873 biattb.
1037 4820 1081 4882 24,
1100 4818 1132 4869 31
1152 4825 1178 4868 et
1197 4816 1238 4867 35.

178 4912 207 4978 ⁷)
226 4910 372 4975 Wottouue,
394 4909 479 4963 Fabius
494 4907 691 4963 etCoIamesius
752 4910 782 4975 tt]
801 4908 841 4960 Pa.
863 4908 904 4971 18,
924 4909 948 4959 2.
968 4906 992 4958 3.
1012 4908 1036 4957 i.

151 4997 285 5065 conjiciunt
302 4997 422 5064 παρῆλθε,
440 4996 612 5050 Jacobsouus:
630 4996 693 5047 dare
732 4995 782 5063 19)
801 4994 819 5046 1.
841 5010 864 5045 e.
884 4998 929 5066 qni
946 5011 999 5048 non
1016 4992 1206 5059 intettipentur.
