3067 6450
215 1180 219 1189 ’
284 1173 348 1240 336
520 1165 659 1247 manna
677 1163 813 1221 rnsron.
850 1164 947 1221 ursan
963 1164 985 1222 r.
1020 1164 1105 1221 rrsro
1123 1165 1165 1221 m

284 1333 334 1414 qui
359 1326 549 1394 crediderunt
568 1326 704 1409 quidem,
736 1324 889 1409 plurimam
920 1332 1032 1409 partem
1059 1327 1206 1390 babentes
1232 1325 1410 1407 iniquilatis;

283 1443 407 1519 propter
438 1435 495 1498 boc
526 1434 603 1496 curti
634 1441 664 1496 et
695 1452 755 1497 non
787 1433 897 1515 integri
927 1434 1024 1496 sunt.“
1073 1431 1218 1512 ,Candidi
1252 1436 1352 1493 autem
1385 1436 1411 1492 et

284 1539 421 1616 rotondi,
456 1545 486 1602 et
517 1556 577 1600 non
609 1539 825 1601 convenientes
854 1537 883 1599 in
913 1543 1090 1600 structuram
1121 1537 1230 1614 turris,
1261 1535 1315 1616 qui
1338 1539 1410 1612 sunl,

285 1637 465 1708 domina?“''
495 1642 693 1724 Respondens
728 1643 799 1706 mibi
834 1641 923 1705 dixit:
962 1658 1139 1721 „usquequo
1172 1640 1283 1703 stultus
1318 1656 1352 1700 es
1384 1645 1410 1700 et

284 1750 471 1825 insensatos,
503 1752 532 1809 et
565 1749 662 1810 omnia
690 1747 879 1830 interrogas,
911 1752 940 1808 et
969 1746 1040 1809 nibil
1068 1745 1236 1829 intelligis?
1283 1745 1321 1808 lli
1348 1749 1410 1806 sunt

285 1853 429 1916 habentes
454 1852 571 1932 quidem
594 1851 692 1932 fidem,
715 1852 862 1914 babentes
885 1858 982 1914 autem
1006 1858 1036 1912 et
1059 1850 1174 1914 divitias
1199 1850 1291 1931 hujus
1313 1848 1408 1913 secoli

287 1957 383 2032 Quum
407 1973 482 2038 ergo
506 1957 622 2019 venerit
644 1957 812 2036 tribulatio,
840 1963 962 2039 propter
985 1955 1100 2019 divitias
1123 1973 1194 2019 suas
1218 1962 1249 2018 et
1272 1955 1408 2038 negotia·

286 2063 383 2124 tiones
418 2062 565 2145 abnegant
599 2059 794 2124 Dominum.“
839 2059 1036 2142 despondens
1071 2059 1138 2123 dico
1172 2061 1220 2122 ei:
1261 2058 1409 2139 ,domina

194 2187 197 2190 ’
287 2165 407 2247 quando
424 2184 499 2248 ergo
515 2165 603 2228 uides
620 2173 709 2228 erunt
723 2164 895 2228 Domino‘i“
938 2165 1054 2243 „Ouum
1071 2164 1299 2243 circumcisae,“
1316 2164 1409 2243 inquit,

290 2269 421 2350 „luerint
444 2270 562 2334 divitiae
585 2289 707 2349 eorum,
741 2289 818 2351 quae
848 2287 902 2332 eos
929 2268 1093 2347 delectant,
1125 2274 1195 2331 tunc
1219 2274 1310 2331 erunt
1330 2269 1408 2330 utiles

288 2375 415 2438 Domino
442 2375 478 2437 ad
502 2374 676 2437 aedificium.
721 2374 802 2438 Sicut
824 2375 901 2437 enim
923 2375 999 2455 lapis
1021 2372 1184 2453 rotundus,
1215 2373 1275 2436 nisi
1299 2373 1408 2435 deeism

288 2479 378 2542 luerit
403 2486 434 2542 et
455 2480 597 2563 abjecerit
628 2479 665 2541 ab
696 2498 730 2542 se
762 2479 891 2560 aliquid,
921 2496 981 2541 non
1012 2482 1111 2559 potest
1140 2477 1305 2559 quadratus
1336 2475 1408 2550 lieri3

293 2581 362 2646 ¹sie
385 2590 424 2663 et,
448 2570 497 2664 qui
521 2584 627 2646 divites
650 2584 771 2646 suntin
794 2583 852 2645 boc
874 2582 988 2661 seculo,
1012 2583 1068 2645 nisi
1089 2583 1287 2645 circumcisae
1309 2580 1409 2643 luerim

289 2687 409 2750 divitiae
433 2707 546 2765 eorum,
570 2706 631 2750 non
647 2694 774 2769 possunt
789 2689 917 2750 Domino
933 2687 1021 2749 utiles
1038 2704 1114 2749 esse.
1160 2683 1213 2748 ²n
1237 2692 1268 2749 te
1292 2686 1408 2768 primum

289 2792 373 2854 scito.
419 2791 543 2867 Quando
567 2792 651 2855 dives
675 2791 772 2870 inisti,
803 2792 925 2855 inutilis.
946 2808 1032 2868 eras3
1063 2809 1142 2854 nuno
1173 2809 1250 2853 vero
1284 2791 1360 2853 utilis
1381 2805 1409 2851 es

290 2901 320 2957 et
342 2901 427 2978 aptus
450 2897 529 2957 vitae
553 2903 641 2972 tuae3
664 2915 732 2958 nam
756 2903 786 2959 et
809 2903 839 2958 tu
862 2897 927 2977 ipse
950 2915 990 2958 ex
1012 2896 1057 2958 eis
1079 2894 1226 2975 lapidibus
1249 2894 1359 2957 luisti“

380 3000 438 3061 vll.
479 2999 643 3077 „Caeteros
667 3007 764 3064 autem
786 3001 911 3082 lapides,
934 3019 1010 3082 quos
1034 3000 1130 3063 vidisti
1150 3001 1243 3083 longe
1266 3002 1411 3082 projectos

291 3125 307 3167 a
335 3106 424 3183 turri,
455 3111 662 3167 occurrentes
686 3107 714 3168 in
737 3108 802 3184 via,
833 3111 863 3167 et
891 3105 972 3168 volvi
1003 3104 1041 3167 de
1070 3105 1118 3166 via
1144 3105 1173 3166 in
1197 3105 1267 3167 loca
1291 3104 1411 3180 deserta,

292 3210 313 3272 ii
328 3215 404 3288 sunt,
421 3209 470 3290 qui
486 3208 677 3272 crediderunt
689 3210 818 3290 quidem,
836 3209 1016 3274 dubitatione
1028 3215 1124 3273 autem
1137 3228 1191 3272 sua
1208 3205 1415 3292 ³reliquemnt

292 3315 369 3377 riam
392 3332 474 3377 suam
498 3333 616 3401 ueram,
638 3320 794 3395 putantes,
821 3333 855 3378 se
879 3313 1033 3376 meliorem
1056 3314 1133 3376 viam
1154 3332 1249 3395 posse
1274 3316 1413 3377 invenire.

292 3418 401 3481 Errant
432 3424 547 3495 autern,
579 3424 609 3481 et
641 3420 741 3481 miseri
773 3425 858 3497 sunt,
888 3418 1092 3501 ingredientes
1122 3419 1152 3479 in
1182 3418 1324 3482 desertas
1347 3419 1413 3481 rias

293 3522 350 3596 Oui
374 3529 469 3586 autem
494 3521 638 3586 cadebant
660 3523 690 3585 in
713 3524 823 3606 ignem,
847 3529 877 3583 et
899 3521 1053 3601 ardebant,
1076 3523 1096 3584 ii
1117 3527 1196 3600 sunt,
1221 3525 1273 3604 qui
1295 3524 1327 3587 in
1347 3541 1414 3605 per·

292 3633 413 3706 petuum
436 3627 646 3689 abscesserunt
670 3645 686 3687 a
709 3627 774 3689 Deo
798 3627 886 3705 rivo,
918 3645 974 3689 nec
1006 3627 1129 3709 amplius
1152 3626 1210 3690 illis
1233 3628 1413 3691 ascenditin

294 3733 402 3809 eorda,
427 3733 635 3812 poenitentiam
659 3750 770 3813 agere,
800 3740 925 3813 propter
949 3732 1097 3795 desideria
1124 3730 1279 3795 libidinum
1302 3750 1413 3796 suarum

294 3839 322 3895 et
354 3834 520 3914 scelerum,
552 3854 630 3915 quae
660 3836 851 3915 operantur.“
900 3836 1038 3913 „Caeteri
1069 3854 1160 3915 vero,
1191 3837 1245 3918 qui
1276 3837 1413 3900 cadebant

290 3938 376 4017 juxta
400 3956 510 4018 aquas,
542 3945 573 3999 et
594 3957 655 4001 non
677 3945 815 4019 poterant
838 3939 918 4002 volvi
941 3940 971 4002 in
994 3957 1103 4021 aquas,
1134 3941 1185 4021 qui
1215 3942 1334 4005 sunt?“
1378 3938 1412 4019 ,li

293 4045 370 4117 sont,
395 4041 445 4119 qui
462 4041 584 4103 verbum
600 4042 767 4121 audierunt,
791 4044 927 4106 volentes
943 4044 1084 4125 baptizari
1098 4046 1127 4105 in
1148 4048 1272 4109 nomine
1289 4044 1398 4110 Domini
1404 4064 1412 4117 ;

294 4144 401 4222 quibus
425 4163 515 4224 quum
547 4149 627 4210 venit
657 4148 686 4209 in
718 4149 889 4210 memoriam
917 4149 1057 4210 sanctitas
1085 4149 1236 4227 veritatis,
1268 4150 1411 4213 retrabunt

293 4264 338 4324 se,
360 4249 567 4330 ambulantque
589 4269 694 4314 rursus
717 4259 787 4332 post
809 4250 957 4313 desideria
983 4269 1036 4313 sua
1062 4250 1222 4316 scelesta.“
1271 4253 1410 4317 Consum-

293 4353 383 4414 mavit
406 4353 496 4433 igitur
521 4357 740 4419 enarrationem
763 4356 862 4417 turris.
908 4355 974 4438 Ego
993 4374 1079 4434 vero,
1103 4375 1192 4437 quum
1209 4356 1310 4421 adbuc
1325 4372 1409 4421 essem

294 4452 491 4538 ⁴improbus,
521 4460 705 4543 interrogavi
735 4460 832 4522 illam:
866 4477 924 4538 ,an
951 4460 987 4523 iis
1017 4462 1153 4524 omnibus
1175 4460 1341 4543 lapidibus,
1369 4457 1407 4541 qui

294 4562 420 4643 projecti
450 4567 535 4642 sunt,
567 4583 623 4627 nec
658 4563 877 4628 conveniebant
905 4564 936 4626 in
968 4569 1144 4635 structuram
1173 4567 1285 4646 turris,
1316 4584 1353 4629 an
1370 4565 1405 4625 est

330 4735 357 4800 1)
376 4733 427 4787 cn.
446 4735 531 4787 blattb.
551 4736 593 4799 ts,
612 4733 725 4786 21-24.
903 4735 933 4806 3)
951 4733 1004 4787 Cir.
1022 4735 1045 4788 11
1058 4735 1125 4789 Patr.
1144 4737 1171 4804 2,
1191 4737 1233 4790 15.

329 4822 358 4884 2)
377 4821 496 4885 Hermas,
520 4830 595 4873 antea
614 4820 701 4887 divos,
726 4820 759 4873 ob
779 4821 842 4873 illios
904 4825 934 4891 ⁴)
953 4823 972 4875 l.
1000 4840 1022 4875 e.
1051 4828 1205 4889 emmam,
1234 4823 1398 4895 cupidm¹⁸

295 4908 417 4975 prodigos
442 4908 474 4960 ad
501 4910 611 4976 inopium
636 4916 691 4958 erut
714 4908 842 4961 redactus.
870 4926 945 4979 supra
962 4910 1015 4964 Vis.
1033 4911 1077 4976 lll,
1097 4911 1123 4963 3.

296 4990 347 5045 Cir.
365 4992 417 5046 Via.
435 4992 456 5059 l,
476 4994 500 5046 3.
519 5010 544 5061 p.
564 4995 624 5048 324.
642 5002 695 5048 uot.
713 4997 738 5047 7.
