3067 6450
364 1185 557 1241 enarraturi
576 1187 601 1241 S.
621 1186 812 1242 Potrcnttar.
830 1187 893 1243 XIX.
912 1189 963 1246 XX.
982 1192 1045 1246 XXl.
1202 1197 1267 1264 293

135 1352 169 1414 in
191 1349 363 1414 memoriam
387 1367 508 1429 eorum,
532 1351 582 1431 qui
606 1350 765 1412 certamina
787 1350 989 1432 pertulerunt,
1017 1360 1077 1417 tum
1100 1363 1130 1419 ut
1154 1359 1268 1437 posteri

136 1458 294 1520 exercitati
318 1457 378 1520 sint
400 1462 430 1518 et
452 1456 545 1537 parati
570 1454 625 1540 (art
651 1455 755 1518 eadem
778 1453 982 1538 sustinenda).

411 1646 486 1710 XlX.
533 1646 619 1711 Laus
641 1645 807 1729 Polycarpi
829 1649 985 1728 martyris.

223 1770 305 1833 liaeo
329 1768 366 1832 da
389 1772 477 1834 beato
500 1770 676 1852 Polycarpo,
700 1772 837 1851 quicum
860 1771 905 1849 iis,
930 1772 979 1851 qui
1000 1789 1039 1834 ex
1055 1771 1266 1856 Philadelphia,

139 1874 360 1938 ¹riuodecimus
395 1877 540 1958 Smyrnae
574 1878 743 1957 martyrium
780 1881 825 1936 est
858 1893 984 1956 passus,
1023 1876 1076 1939 sed
1110 1878 1193 1940 solus
1228 1880 1266 1942 ab

136 1980 275 2044 omnibus
299 1979 475 2057 celebratur,
499 1981 547 2058 ita,
571 1987 601 2041 ut
625 1999 640 2041 a
665 1979 827 2062 gentilibus
851 1998 971 2060 quoque
995 1981 1104 2062 ubique
1132 1983 1265 2046 locorum

136 2082 366 2163 ²memorelur3
390 2085 440 2168 qui
465 2102 525 2148 non
549 2085 645 2147 solum
669 2084 774 2146 doctor
798 2085 923 2168 insignis
950 2087 1070 2164 exstitit,
1100 2087 1153 2148 sed
1178 2089 1265 2150 etiam

134 2197 252 2272 martyr
273 2174 418 2270 eximius,
449 2192 533 2272 eujus
558 2191 743 2271 martyrium,
776 2190 934 2272 euangelio
958 2190 1066 2252 Christi
1088 2179 1264 2273 congruum,

135 2311 242 2376 omnes
266 2295 370 2357 imitari
395 2295 574 2357 desiderant.
620 2295 780 2376 Postquam
813 2298 889 2359 enim
915 2294 1090 2358 sustinendo
1123 2297 1264 2378 injustum

134 2401 305 2483 praesidem
341 2401 428 2479 uicit,
461 2401 565 2482 sicque
596 2400 821 2463 immortalitatis
855 2418 995 2462 eoronam
1031 2403 1163 2482 recepit,
1197 2420 1264 2464 cum

135 2505 280 2587 apostolis
303 2507 499 2586 omnibusque
518 2506 607 2588 justis
631 2505 793 2581 exsultans,
818 2504 911 2566 Deum
928 2523 962 2567 ae
979 2512 1091 2586 patrem
1107 2506 1263 2588 glorificat,

135 2618 167 2673 et
189 2611 340 2675 benedicit
362 2610 489 2673 Domino
514 2618 617 2671 nostro
642 2606 741 2672 ³lesu
758 2610 884 2687 Christo,
909 2611 1069 2674 animarum
1094 2619 1262 2673 nostrarum

135 2715 295 2794 salvatori,
319 2722 531 2797 etcorporum
556 2720 724 2777 nostrornm
747 2716 959 2798 gubernatori,
985 2734 1124 2778 necnon
1148 2717 1263 2797 pastori

136 2820 301 2884 catholicae
325 2821 355 2882 in
378 2827 440 2883 toto
465 2821 539 2882 orbe
563 2820 710 2883 ecclesiae
728 2818 749 2884 ⁴.

351 3009 416 3074 XX.
461 3011 571 3073 Mittite
592 3011 674 3071 bunc
696 3011 859 3090 epistolum
879 3011 1045 3090 [ratribus.

85 3214 91 3221 -
223 3135 286 3199 Vos
310 3134 428 3216 quidem
451 3133 617 3215 petieratis,
639 3138 672 3194 ul
695 3139 818 3210 cuncta,
842 3152 919 3214 quae
941 3142 1026 3216 gesta
1050 3140 1133 3212 sunt,
1166 3133 1260 3196 fusius
1315 3115 1318 3127 ¹

134 3241 222 3305 vobis
246 3246 485 3322 exponerentur;
516 3257 571 3302 nos
596 3257 670 3302 vero
692 3241 965 3320 impraesentiarum
992 3243 1156 3303 summatim
1180 3240 1260 3303 indi·

134 3347 268 3408 cavimus
285 3364 339 3426 per
355 3344 475 3407 tratrem
492 3351 625 3407 nostrum
641 3344 780 3407 Marcum.
805 3345 888 3419 Quae
905 3344 1023 3426 quidem
1037 3363 1102 3407 cum
1114 3344 1260 3428 legeritis,

134 3450 290 3531 epistolam
314 3449 453 3512 iratribus
475 3450 685 3512 remotioribus
710 3446 949 3528 ⁵transmittatis,
972 3457 1003 3513 ut
1027 3456 1056 3511 et
1082 3449 1136 3530 ipsi
1160 3448 1260 3530 glori-

133 3554 225 3618 lieeut
248 3554 413 3634 Dominum,
436 3551 511 3635 ⁶qui
535 3573 574 3616 ex
597 3555 659 3616 suis
684 3554 799 3617 lamulis
823 3554 968 3617 delectum
993 3553 1071 3615 lucit.
1118 3546 1185 3629 'Ei
1209 3553 1260 3633 qui

105 3678 241 3724 .omnes
279 3678 335 3722 nos
372 3662 467 3744 gratia
506 3678 559 3723 sua
597 3665 686 3740 atque
722 3659 903 3741 indulgentia
942 3660 971 3720 in
1010 3677 1136 3741 regnum
1173 3675 1259 3719 suum

132 3773 290 3828 aeternum
320 3771 419 3847 potest
451 3764 593 3852 inducere
623 3785 678 3848 per
706 3767 890 3848 unigenitum
923 3764 1011 3828 lilium
1042 3783 1126 3826 suum
1156 3763 1259 3825 Jesum

133 3871 301 3949 Christum,
325 3871 380 3952 ipsi
403 3873 441 3932 sit
463 3871 570 3952 gloria,
594 3870 700 3952 bonor,
724 3871 893 3952 imperium,
916 3872 1071 3953 majestas,
1096 3869 1124 3931 in
1148 3866 1258 3930 secula.

131 3974 251 4063 Ament⁴
293 3974 424 4039 Salutate
462 3992 566 4037 omnes
603 3984 732 4039 sanctos.
779 3976 859 4054 Vos,
900 3975 950 4056 qui
988 3974 1142 4036 uobiscum
1180 3977 1258 4052 sunt,

131 4081 270 4160 salutant,
294 4088 324 4144 et
347 4079 396 4162 qui
419 4080 537 4162 scripsit
559 4079 644 4161 baeu,
670 4080 831 4147 Euarestus
855 4099 920 4143 cum
944 4080 1023 4143 omni
1047 4078 1134 4141 domo
1158 4095 1222 4140 sua.

486 4271 563 4335 XXl.
609 4273 756 4355 Martyrii
779 4282 903 4353 tempus.

222 4394 393 4477 Martyrium
423 4401 519 4458 autem
548 4414 654 4477 passus
686 4402 732 4460 est
759 4397 863 4459 beatos
886 4394 1068 4478 Polycarpus
1091 4388 1258 4456 ⁸Xantbici
1327 4432 1329 4436 -
1357 4476 1361 4487 ι

130 4598 563 4669 th'rt0ss‘1‘tiwottv‘0'fflt‘t7lffl·
582 4606 680 4656 Jtoon·
744 4602 773 4671 6)
798 4602 817 4654 1·
838 4619 861 4655 ο.
887 4605 934 4673 qui
956 4605 1101 4657 nonnullos
1118 4615 1132 4653 e
1149 4612 1258 4651 numero
1286 4629 1289 4638 ·

132 4707 188 4741 sor.
216 4688 337 4741 loveleti
352 4687 399 4741 lut.
419 4688 524 4758 legitur:
544 4700 568 4743 et
585 4693 680 4760 Spiri-
707 4694 823 4761 fidelium
842 4695 876 4745 ad
893 4694 1052 4759 nrmyrr'um
1069 4687 1182 4741 voravit.

130 4786 185 4831 tran
221 4786 358 4843 canonum,
393 4793 442 4847 per
477 4794 551 4847 quem
587 4787 682 4831 anneta
743 4779 773 4846 7)
796 4778 835 4843 Τῷ
853 4766 931 4842 -ᾦ,
964 4773 1042 4827 Simili
1068 4770 1258 4823 construetione

131 4866 327 4935 vosstttvt'mw·
708 4866 783 4917 utitur
808 4862 839 4917 l).
865 4862 955 4914 Psulus
982 4860 1054 4911 Rom.
1079 4860 1125 4923 tu,
1144 4856 1256 4909 25-27.

163 4953 192 5017 5)
224 4950 343 5005 Usserios
374 4961 401 5005 et
430 4952 548 5005 Smitbius
578 4950 680 5005 mallent
707 4957 849 5005 Jacoasor.

129 5035 294 5108 instirpare.
321 5043 465 5094 Jrcoasor.
741 5038 770 5107 8)
790 5038 920 5106 Smyrnaei
939 5052 953 5088 s
973 5036 1006 5088 25
1025 5036 1068 5087 (lie
1086 5033 1167 5086 blsrtii
1185 5032 1271 5120 Xan-⁶
