3067 6450
196 930 274 988 xciv
633 924 888 983 muuuuottuuu.
1188 924 1328 998 [PASTOR

286 1093 496 1176 Gonjectmum
529 1091 670 1173 origenis
704 1108 721 1154 u
755 1089 854 1152 multis
887 1098 1040 1173 receptum
1075 1091 1181 1152 iterum
1212 1086 1328 1170 proiert

197 1199 401 1280 Hieronymus
424 1197 462 1260 de
484 1197 556 1258 viris
579 1197 667 1258 illust.
691 1194 788 1274 c.10,
812 1196 851 1257 itu
874 1196 1028 1258 scribens:
1050 1194 1195 1257 Hermam
1220 1198 1329 1277 (cuja

198 1303 370 1385 Apostolus
397 1301 515 1365 Paulus
543 1302 587 1363 ad
614 1301 774 1364 Romanos
806 1300 947 1363 scribens
975 1301 1129 1363 meminit:
1159 1347 1181 1378 „
1190 1301 1328 1363 salutate

198 1407 410 1489 Aeyacrinmr,
434 1406 646 1486 Pilepontem,
669 1405 833 1481 Hermum,
857 1405 1042 1483 Petreium,
1065 1405 1198 1468 Hermen
1223 1407 1327 1486 etqui

198 1531 267 1576 cutm
281 1513 328 1575 eis
341 1511 461 1591 fraires
476 1514 591 1587 sunt“)
615 1518 760 1573 assuunt
784 1518 942 1573 auctorem
957 1530 1024 1573 esse
1041 1510 1124 1586 libri,
1147 1510 1200 1591 qai
1217 1511 1327 1591 appe!-

199 1618 284 1681 iatur
298 1616 433 1690 Pastum·
456 1624 486 1677 et
507 1617 594 1695 opud
617 1615 772 1694 quasdam
790 1616 943 1677 Graeciae
959 1617 1111 1678 ecclesius
1119 1617 1189 1696 jam
1201 1615 1328 1695 publice

198 1724 319 1804 tector.
363 1722 487 1786 Revera
502 1722 590 1783 utilis
608 1720 698 1798 iiber,
721 1722 867 1802 multique
883 1721 920 1782 de
935 1739 973 1782 eo
988 1721 1176 1801 scriptorum
1191 1727 1328 1783 aeterum

197 1830 391 1910 usurpavere
417 1826 616 1897 testimoium·
646 1825 702 1887 sed
726 1827 813 1904 apud
835 1825 971 1888 Latinos
996 1844 1101 1905 poene
1122 1828 1251 1907 epirotes
1274 1832 1326 1888 est.

198 1934 292 2009 Ouum
315 1934 401 2016 parvi
424 1932 625 2012 Hieronymus
649 1931 713 2012 ipse
735 1931 804 1994 olibi
827 1930 933 1991 librum
956 1935 1090 1992 nostrum
1111 1930 1227 2010 iecerit,
1251 1929 1328 1992 infru

198 2038 373 2102 videbimus.

285 2141 505 2206 Posterioribus
542 2141 725 2223 temporibus
763 2139 846 2204 multi
885 2140 933 2202 ulii
971 2140 1001 2202 in
1041 2140 1134 2203 verbu
1172 2139 1324 2226 origenis,

197 2247 320 2315 Eusebii
343 2252 373 2308 et
394 2245 568 2327 Hieronymi
593 2247 786 2328 Juruverunt,
818 2251 848 2307 et
870 2244 997 2337 Hermae
1027 2246 1197 2327 apostolico
1220 2247 1324 2310 librum
1401 2240 1407 2255 '
1431 2293 1460 2333 ze:

198 2352 330 2416 Pastoris
353 2350 529 2413 tribuerunt.

287 2455 381 2519 Alium
420 2455 595 2517 sententiam
633 2454 745 2535 primus
785 2460 890 2517 auctor
926 2455 1096 2538 Fragmenti
1132 2454 1321 2519 Hurutorieni
1425 2498 1428 2513 .

198 2562 366 2645 evulgavit,
388 2562 427 2622 ita
450 2557 619 2621 disserens:
649 2560 821 2638 ,Pastorem
845 2577 920 2623 vero
943 2561 1114 2641 nuperrime
1142 2561 1322 2643 temporibus
1407 2596 1460 2634 se·

196 2648 308 2729 nostris
331 2665 360 2728 in
383 2666 457 2727 urbe
480 2663 572 2726 Romu
594 2665 702 2727 Hermu
734 2661 772 2747 (i.
797 2662 940 2749 Hermus)
972 2666 1166 2746 conscripsit,
1200 2665 1321 2728 sedenis

99 2758 103 2769 ’
196 2770 337 2834 cathedre
360 2770 441 2832 urbis
465 2768 576 2832 Romae
600 2768 745 2832 ecciesiae
769 2770 820 2831 Pio
852 2771 1015 2852 episcopo,
1046 2770 1138 2832 fratre
1168 2771 1246 2853 ejus.
1290 2769 1322 2833 Et

195 2874 266 2938 ideo
289 2875 350 2957 legi
374 2893 441 2936 eum
464 2873 583 2955 quidem
606 2881 742 2955 oportet,
774 2875 827 2937 sed
860 2876 1012 2957 publicare
1037 2894 1111 2939 vero
1139 2876 1168 2939 in
1193 2876 1319 2939 ecclesie

196 2980 318 3063 populo,
342 2998 439 3061 neque
462 2981 540 3042 inter
554 2979 716 3060 prophetas
733 2980 909 3061 completum
925 2978 963 3064 (Ι.
980 2976 1167 3063 completos)
1184 2999 1319 3060 numero,

196 3105 296 3168 neque
319 3088 395 3149 inter
418 3086 582 3165 Apostolos
605 3087 633 3147 in
657 3084 743 3147 finem
768 3091 933 3167 temporum
957 3087 1074 3168 potest“
1098 3082 1135 3168 ¹).

283 3192 494 3255 Testimonium
527 3190 601 3270 hoc,
633 3191 712 3253 cirea
744 3208 852 3253 nonum
886 3187 948 3255 170
979 3209 1005 3273 p.
1031 3189 1099 3270 cn,
1132 3197 1165 3255 ut
1192 3197 1318 3274 putetur,

196 3297 322 3376 editum,
355 3315 392 3359 eo
417 3298 537 3378 majoris
561 3302 607 3358 est
629 3298 787 3375 momenti,
819 3315 879 3377 quo
911 3299 1077 3360 accuratius
1103 3305 1211 3362 eucior
1236 3298 1318 3382 hujus

195 3401 350 3485 fragmenti
381 3402 421 3463 Pii
455 3409 589 3482 ternpore
622 3404 789 3483 attingens,
824 3403 862 3463 de
894 3421 928 3464 re
959 3404 1023 3482 ipsa
1056 3404 1221 3466 instructus
1254 3421 1319 3470 esse

194 3515 328 3588 poteret,
364 3514 393 3569 et
417 3523 476 3588 quo
500 3506 609 3568 elarius
632 3506 845 3587 perspicimus,
880 3524 946 3568 eum
969 3507 1077 3568 uimine
1099 3507 1167 3570 iibri
1189 3508 1318 3571 Pastoris

195 3614 400 3690 aestimationi,
428 3611 577 3687 falsaeque
600 3610 638 3672 de
661 3618 785 3672 auctore
808 3611 940 3692 opinioni
963 3611 1111 3674 obsistere
1134 3613 1279 3676 voluisse.

281 3719 435 3795 Hermam,
468 3716 509 3779 Pii
533 3716 553 3776 i.
586 3715 706 3777 fratrem
739 3711 858 3798 (medio
888 3716 992 3778 secuto
1015 3711 1085 3800 H),
1116 3717 1153 3779 ub
1182 3717 1318 3801 angelico

195 3828 317 3903 pestere
341 3820 496 3897 edoctum,
520 3820 624 3882 librum
648 3828 783 3884 nostrum
808 3822 1042 3901 conscripsisse,
1072 3822 1159 3884 etium
1181 3822 1318 3886 Pseudo·

195 3926 392 3988 Tertullianus
416 3922 539 4008 (contre
561 3924 701 3988 Marcion.
725 3926 773 3989 lib.
797 3925 841 3989 ut.
866 3945 890 3988 c.
916 3923 955 4009 9)
981 3924 1084 3988 trudit:

327 4029 470 4109 ,Jamque
493 4028 560 4092 loco
584 4048 664 4092 nono
687 4029 856 4092 cathedram
880 4031 1013 4112 suscepit
1034 4028 1182 4112 Hyginus,
1231 4023 1233 4028 ’

325 4134 394 4195 Post
416 4133 494 4196 hunc
518 4132 625 4197 deiude
648 4135 726 4212 Pius,
750 4135 875 4197 Hermus
899 4135 946 4195 cui
969 4133 1234 4216 germinmirater,
1272 4157 1274 4162 ’

327 4237 488 4321 Angeiicus
511 4246 614 4322 pastor
637 4241 683 4302 cui
701 4236 733 4321 ²)
757 4239 861 4301 traditu
886 4240 976 4301 verbu
1000 4239 1146 4302 locutus.“

233 4513 259 4580 t)
279 4517 399 4568 Galloni.
419 4514 546 4567 Bibivet.
561 4516 659 4567 Petrum
671 4515 740 4568 Tum.
803 4516 833 4582 2)
859 4514 896 4567 Itu
922 4531 978 4567 curn
1004 4515 1144 4569 Hoshemio
1172 4516 1219 4582 (de
1244 4516 1391 4570 reim

193 4599 223 4653 11.
243 4617 267 4668 p.
289 4600 347 4650 208.
388 4601 506 4654 WireIer
529 4604 553 4653 in
571 4602 659 4653 Theoi.
680 4604 741 4655 Stu-
770 4601 861 4655 Christ.
887 4613 946 4656 ente
971 4602 1125 4656 constantin.
1151 4603 1184 4656 Ι.
1210 4621 1237 4673 p.
1258 4599 1384 4668 ΝΞ)

194 4687 254 4738 dieu
268 4688 316 4737 und
332 4687 446 4739 Hritiken
467 4686 544 4753 tert,
563 4686 688 4742 Fascicul.
701 4691 742 4744 tv,
771 4691 905 4759 legendum
924 4700 993 4759 puto.
1025 4690 1109 4743 Editi:
1129 4695 1199 4762 yreia.

194 4791 219 4842 p.
239 4775 289 4825 825
308 4791 346 4843 sq.

876 5413 1374 5593 ,-
