3067 6450
217 1180 247 1237 8.
267 1180 414 1255 Imm]
658 1183 911 1242 raotooonnnn.
1259 1195 1348 1252 lxvii

308 1342 367 1405 Vll.
413 1343 491 1408 llale
520 1345 607 1408 etiam
640 1345 677 1408 de
706 1347 885 1427 intepritntc
914 1347 1104 1430 epistolarum
1127 1350 1232 1436 ignatii
1258 1353 1345 1419 dubia
1450 1383 1452 1386 ·

214 1453 298 1510 mota
328 1454 395 1511 sunt
413 1447 452 1532 ¹).
497 1450 673 1513 Praesertim
705 1454 802 1512 omnia
835 1450 872 1513 de
904 1453 1076 1536 episcopatu
1108 1464 1139 1518 et
1170 1457 1208 1521 de
1235 1457 1345 1524 deitate

213 1550 326 1613 Christi
349 1550 436 1614 ellata
459 1555 663 1635 interpolatori
686 1574 703 1617 a
727 1555 903 1636 quibusdam
931 1559 1106 1623 tribuuntur.
1152 1562 1212 1626 Sed

263 1652 303 1740 a)
327 1656 437 1719 nullum
461 1665 616 1722 externum
640 1659 878 1739 interpolationis
902 1660 986 1724 adest
1009 1664 1156 1727 iudicium.

257 1755 299 1841 b)
322 1759 395 1822 Loci
426 1779 442 1823 a
473 1763 624 1826 veteribus
653 1761 761 1825 laudati
798 1764 861 1846 pari
895 1765 983 1827 modo
1017 1767 1047 1829 in
1078 1769 1210 1832 breviori
1240 1778 1343 1836 nostra

326 1865 508 1929 recensione
530 1858 678 1947 leguntur.
724 1866 784 1929 Clr.
807 1886 897 1950 supra
921 1888 948 1950 p.
971 1869 1019 1933 LIl
1042 1887 1108 1950 sqq.

259 1963 299 2051 c)
323 1969 445 2031 Arctior
479 1971 618 2033 materiae
652 1976 683 2033 et
714 1972 859 2034 orationis
892 1992 989 2036 nexus
1025 1992 1143 2036 omnem
1176 1975 1342 2059 interpola·

324 2075 414 2137 donis
436 2073 636 2154 suspicionem
663 2075 754 2152 tollit;
786 2076 873 2140 ellata
897 2078 974 2139 enim
997 2077 1045 2140 illa
1069 2075 1253 2158 displicentia
1275 2083 1355 2147 ainc=

324 2179 415 2240 lolius
437 2179 585 2242 sermonis
607 2180 720 2261 pariter
747 2198 783 2243 ac
805 2197 913 2243 sensus
944 2179 1147 2245 devastatione
1170 2183 1259 2247 evelli
1281 2202 1340 2248 non

322 2290 458 2365 possunt.
980 2298 982 2303 '

256 2382 298 2470 d)
321 2387 481 2451 Praeterea
504 2388 629 2451 eandem
652 2389 721 2471 styli
744 2391 889 2453 rationem
912 2409 979 2453 cum
1009 2391 1039 2454 in
1069 2390 1249 2473 repudiatis,
1279 2399 1339 2456 tum

322 2492 352 2553 in
375 2493 545 2574 approbatis
568 2494 757 2575 epistolarum
781 2496 912 2575 partibus
936 2496 1080 2559 invenies.

257 2590 297 2678 e)
323 2595 409 2669 Quod
423 2604 457 2663 δ
481 2594 510 2659 8.
534 2597 588 2678 Ep.
612 2597 649 2660 ad
672 2597 771 2679 liugn.
794 2596 890 2682 Σιγῆς
913 2599 988 2661 lacta
1011 2600 1051 2661 sit
1080 2601 1210 2679 mentio,
1241 2601 1337 2664 inter-

322 2699 480 2781 polationis
502 2720 563 2765 non
586 2703 710 2785 praebet
732 2701 887 2781 indicium,
918 2702 1001 2765 utin
1024 2705 1101 2766 notis
1125 2704 1162 2767 ad
1185 2704 1212 2768 la.
1235 2705 1255 2769 l.
1278 2706 1337 2769 de-

322 2808 549 2870 monstravimus
572 2806 648 2869 inlra
671 2825 698 2888 p.
725 2803 788 2869 178
809 2806 876 2870 Not.
900 2803 931 2869 8.

252 2903 296 2991 l)
321 2909 476 2973 Polemicis
499 2916 608 2974 tantum
631 2911 728 2974 causis
752 2908 832 2974 ducti
856 2910 989 2974 nonnulli
1014 2909 1068 2974 viri
1100 2909 1179 2976 docti
1207 2913 1337 2998 integri-

321 3020 408 3078 tatem
432 3017 622 3098 epistolurum
645 3021 814 3078 nostrarum
838 3014 1008 3079 indubium
1032 3022 1178 3080 vocarunt
1192 3013 1235 3099 ²).

255 3114 297 3202 g)
321 3119 377 3193 om
400 3122 590 3202 episcopatus
614 3137 704 3183 eausa
727 3119 868 3200 epistolas
894 3126 1012 3184 nostras
1042 3120 1234 3201 interpolatas
1265 3139 1335 3186 esse

320 3230 431 3306 putant,
454 3227 536 3290 nullo
560 3224 648 3288 modo
669 3225 814 3287 rationem
830 3206 959 3288 reddere
975 3233 1110 3307 possunt,
1133 3244 1187 3289 cur
1209 3227 1334 3308 epistola

318 3327 355 3391 ad
369 3330 519 3395 Romanos
544 3330 607 3394 sola
630 3330 668 3392 ab
683 3328 898 3411 interpolatore
913 3346 973 3391 non
989 3327 1079 3391 luerit
1095 3327 1222 3405 foedata,
1245 3348 1333 3409 quum

317 3451 373 3497 sex
395 3435 518 3517 reliquis
541 3434 645 3516 impias
676 3434 741 3515 ejus
774 3452 877 3496 manus
908 3451 969 3497 non
998 3434 1171 3515 pepercisse
1200 3432 1332 3496 credant.

317 3537 378 3600 Cir.
400 3538 531 3617 Miller,
555 3539 697 3602 Athenas.
721 3537 754 3599 T.
777 3536 797 3598 1.
821 3556 849 3619 p.
876 3534 923 3600 18.

295 3639 331 3705 Ut
353 3643 437 3705 brevi
460 3643 564 3722 dicam,
588 3641 825 3723 interpolationis
848 3641 979 3723 suspicio
995 3659 1034 3703 ne
1049 3639 1198 3703 minimum
1214 3639 1332 3722 quidem

203 3748 317 3811 mereri
340 3748 510 3830 applausum
533 3746 665 3825 videtur,
688 3746 838 3828 planeque
859 3763 1036 3827 persuasum
1058 3745 1128 3806 milri
1150 3752 1212 3823 est,
1244 3744 1332 3807 talem

200 3852 308 3936 judicii
338 3853 569 3915 mediocritatem
599 3869 658 3915 non
689 3867 810 3914 auream
837 3868 916 3914 esse.
961 3848 1112 3933 Epistulae
1133 3849 1238 3932 Ignatii
1263 3850 1331 3929 sint,

201 3940 631 4038 mmmmm&
1044 4041 1050 4054 Ι

263 4113 267 4119 .
292 4052 582 4143 vulnusculum
595 4063 699 4121 auctor
712 4058 815 4141 graeci
831 4058 979 4121 sermonis
991 4075 1050 4119 non
1063 4058 1195 4139 apprime
1208 4074 1331 4140 gnarus,

202 4173 235 4231 et
259 4164 390 4229 ardentis
412 4165 511 4247 potius
534 4163 621 4226 animi
642 4163 778 4245 impetus,
802 4180 889 4243 quam
908 4161 1117 4244 grammaticae
1134 4161 1255 4243 regulas
1275 4179 1329 4224 se·

202 4276 300 4350 cutus,
323 4268 515 4353 periodorum
530 4261 708 4331 structuram
724 4285 785 4331 non
800 4264 893 4329 semel
908 4264 1039 4344 violavit,
1057 4265 1200 4329 orationis
1219 4283 1330 4329 nexum

239 4496 266 4561 l)
286 4493 355 4563 lig.
373 4509 388 4546 a
406 4496 537 4560 Neandro,
554 4490 749 4560 liirclrengesclr.
778 4496 868 4559 putant
901 4486 1023 4542 'versione
1053 4490 1176 4557 Syriaca,
1210 4505 1225 4542 a
1256 4490 1328 4545 ouer.

201 4578 262 4635 Η.
282 4598 308 4651 p.
323 4580 390 4633 11⁴0
408 4589 434 4634 nt
448 4597 462 4632 n
475 4582 568 4635 Νικὼ
580 4579 605 4630 in
620 4581 750 4642 litletona,
781 4580 899 4632 Gurelon
916 4576 993 4627 edita.

202 4663 308 4721 Studien
326 4668 378 4720 und
396 4665 458 4718 llrit.
483 4664 559 4716 1885.
582 4679 608 4733 p.
626 4664 674 4715 881
695 4682 750 4734 sqq.
812 4661 841 4724 2)
861 4660 975 4727 Homer,
994 4660 1087 4714 Patrol.
1100 4660 1127 4713 Τ.
1140 4660 1159 4713 l
1173 4678 1198 4730 p.
1213 4661 1327 4728 125rqq.

202 4750 249 4814 on
267 4752 401 4805 breviores
420 4766 523 4821 quoquc
541 4750 567 4803 S.
582 4749 673 4819 lguntii
691 4754 750 4818 epi·
813 4746 842 4812 ³)
860 4745 961 4816 Optima
977 4751 1149 4816 intepritntcm
1167 4746 1254 4797 barum
1268 4747 1326 4813 epi-

202 4836 280 4891 stolas
299 4837 465 4907 interpolatur
482 4845 590 4906 putant,
607 4839 750 4889 novissimis
776 4833 898 4886 stolarum
917 4834 1032 4887 delendit
1050 4834 1240 4896 oscarense,
1267 4828 1284 4881 l.
1302 4845 1326 4882 c.

203 4922 291 4977 diebus
327 4924 508 4978 validissimum
548 4923 750 4993 interpolationis
776 4936 801 4989 p.
819 4920 855 4972 80
871 4936 926 4990 sqq.

204 5008 324 5075 cinnudt
358 5011 528 5065 mdnoninrn
559 5026 588 5063 ιο
617 5017 749 5064 anmatos
