3067 6450
177 992 245 1321 Nx
507 1189 688 1246 ananiam:
706 1188 872 1245 arrsroun.
901 1191 931 1243 x.
1242 1196 1284 1261 25

249 1344 296 1415 'un
316 1352 429 1414 lubeat
448 1356 634 1433 squamam?
673 1354 741 1415 Tria
764 1352 902 1437 dogmala
923 1356 951 1417 in
971 1355 1119 1419 inlelleclu
1143 1376 1286 1439 compre-

286 1458 405 1541 ιΡοηο
430 1460 467 1518 ail
489 1458 545 1519 illis
562 1458 706 1520 Dominus
727 1459 756 1519 in
780 1457 1023 1523 diioleronomio:
1052 1459 1106 1522 'el
1122 1463 1287 1541 disponam

295 1556 374 1624 'ilum
396 1566 478 1625 lunc
499 1571 667 1642 praecepio
690 1582 766 1624 mea.
812 1562 920 1626 Nonne
943 1582 1018 1646 ergo
1044 1565 1210 1627 mandalum
1231 1566 1286 1627 Dei

314 1666 530 1730 ‘mandocoull
575 1667 643 1743 Esl3
674 1666 727 1729 sod
759 1667 920 1735 lllosos,in
951 1668 1055 1749 spirilu
1088 1668 1203 1731 loculus
1232 1674 1285 1731 esl.

210 1777 354 1850 ..propler
369 1773 412 1833 sio
427 1792 512 1834 suem
530 1773 578 1848 all,
599 1771 683 1850 quassi
700 1771 829 1832 dicerel:
851 1790 909 1833 oon
925 1770 1101 1835 adhaerebis
1121 1772 1286 1835 hominibus

177 1872 286 1949 ilibus,
315 1876 365 1952 qui
391 1876 502 1938 similes
525 1882 593 1937 sunl
617 1877 727 1955 porcis.
773 1875 847 1937 Nam
870 1895 959 1957 quom
983 1877 1011 1938 in
1038 1876 1151 1939 deliciis
1178 1878 1286 1956 vivont,

177 1976 281 2040 lomini
304 1980 350 2040 sui
374 1980 601 2056 obliviscunlur3
635 1997 725 2059 quum
747 1985 846 2042 aulem
871 1980 1069 2043 ileslilooulur
1096 1983 1286 2059 necessariis,

177 2081 320 2144 lominum
343 2089 517 2165 agnoscunt.
563 2083 598 2145 El
622 2083 740 2162 quidem
765 2101 893 2164 porcus,
916 2084 1035 2166 quando
1059 2085 1204 2163 comedit,
1228 2084 1287 2147 ‹lo-

177 2186 272 2249 uinum
289 2205 349 2249 non
366 2190 465 2263 nouil;
488 2187 607 2267 quando
631 2194 728 2249 aulem
752 2189 854 2265 esurii,
878 2189 999 2264 olamal;
1025 2195 1054 2250 el
1069 2195 1190 2270 acoepln
1207 2206 1287 2267 esau,

177 2294 271 2353 lorum
294 2296 379 2353 laoel.
425 2293 488 2353 ll'eo
510 2290 732 2369 manducabis,
765 2293 874 2373 inquil,
900 2294 1055 2373 aquilum,
1081 2313 1178 2375 arque
1200 2293 1287 2356 arei·

177 2394 293 2470 iilum,
317 2397 576 2475 aequimanum,
601 2415 700 2475 araque
723 2415 860 2459 coruum.
905 2397 972 2459 Non
993 2396 1186 2476 adhaerebis,
1210 2396 1287 2475 dicii,

185 2514 245 2560 neo
260 2499 364 2561 similis
380 2500 440 2561 eris
455 2501 490 2561 iis
507 2500 684 2577 hominibus,
707 2502 758 2579 qui
782 2504 918 2564 nesciunt
932 2502 987 2565 sibi
1005 2502 1110 2564 labore
1125 2521 1160 2564 ae
1176 2502 1287 2565 sudore

177 2618 273 2665 arare
288 2604 407 2681 vicium,
429 2603 482 2666 sed
500 2603 595 2666 aliena
616 2605 733 2685 rapiunl
756 2605 874 2686 inique;
898 2601 954 2667 ³el
972 2624 1061 2686 quum
1083 2604 1239 2667 uideanlur
1257 2605 1287 2667 in

178 2704 350 2788 implicilale
380 2709 547 2786 ambulare,
578 2714 674 2771 lamen
697 2709 761 2771 aliis
785 2709 968 2773 insidiantur.
1014 2706 1079 2771 *Εἰ
1101 2728 1174 2772 avos
1201 2712 1286 2788 islae‚

177 2809 234 2875 lum
253 2813 370 2876 otiosae
388 2812 505 2890 sedani,
529 2820 685 2893 quaerum,
706 2812 858 2894 quomodo
877 2813 989 2876 alienos
1005 2831 1113 2876 carnes
1130 2813 1286 2890 deuoreni,

177 2923 294 2998 unique
310 2917 339 2978 in
355 2916 462 2980 malitia
485 2935 538 2979 sna
562 2915 730 2998 peslilerae.
770 2918 833 2980 Neo
850 2916 1067 2993 ruaudurobia,
1092 2918 1195 2996 inquil,
1218 2935 1286 2977 rurr-

177 3038 305 3096 uoeaom,
326 3041 425 3102 aequae
444 3022 602 3102 polypum,
626 3040 723 3101 aeque
745 3023 872 3100 sepiam.
911 3022 989 3099 Non,
1014 3023 1116 3102 inquil,
1138 3021 1287 3083 adliauro·

177 3124 217 3203 la,
241 3143 299 3187 noc
315 3126 416 3187 similis
434 3126 493 3187 eris
509 3124 677 3205 lmjusmorli
699 3125 877 3203 hominihus,
900 3128 995 3207 quiin
1012 3134 1189 3208 perpolumn
1208 3126 1286 3206 impii

177 3237 251 3309 unl,
274 3237 303 3291 al
322 3231 359 3292 ad
380 3237 503 3293 mortem
523 3236 593 3292 sunl
613 3229 788 3311 ailJndioali3
814 3231 1061 3312 quemadmodum
1078 3232 1123 3292 isli
1145 3229 1287 3310 pisciculi,

178 3333 221 3397 oli
235 3333 391 3411 maledico,
409 3336 438 3396 in
457 3332 606 3416 profundo
623 3333 802 3413 uolutamur,
826 3352 883 3396 nec
899 3341 929 3397 ul
944 3335 1050 3415 reliqui
1070 3336 1168 3415 pisces
1185 3351 1288 3394 euror-

177 3444 248 3515 pol,
273 3437 327 3500 sed
346 3438 375 3499 in
397 3444 485 3517 lema,
508 3457 585 3519 quae
609 3440 636 3500 in
659 3438 808 3518 profundo
829 3439 918 3499 maris
937 3445 992 3514 esi,
1016 3438 1136 3520 «legum.
1176 3435 1235 3498 Sed
1258 3442 1288 3497 el

177 3559 311 3621 oporam,
335 3542 438 3623 inquil,
462 3562 525 3605 nou
549 3542 698 3604 carmadas.
738 3541 960 3615 Quamobrem?
995 3539 1049 3601 ⁵ul
1072 3546 1127 3617 est,
1152 3558 1210 3602 ooo
1228 3541 1287 3601 eris

177 3663 324 3710 merorum
347 3653 520 3728 eorruplor,
551 3664 608 3708 nec
630 3645 754 3707 similem
780 3652 808 3706 le
832 3645 939 3707 lalibus
963 3643 1095 3719 elireios3
1118 3639 1288 3723 ⁶qoooiam

177 3767 247 3831 rpus
268 3751 353 3812 annis
376 3751 501 3833 singulis
525 3767 612 3811 anurn
636 3748 815 3829 molliplical.
862 3749 942 3823 Onol
971 3750 1049 3810 anim
1079 3765 1174 3811 annos
1207 3747 1288 3825 rivil,

177 3859 206 3916 ol
228 3853 319 3916 habel
342 3853 492 3916 foramina.
531 3854 593 3915 Sul
614 3873 671 3916 neo
692 3854 847 3934 lrpuenum
870 3853 1083 3916 ruauduoobis.
1128 3850 1193 3913 Non
1218 3852 1288 3929 oris,

177 3959 269 4039 aquil,
294 3957 416 4037 aduller,
439 3977 539 4039 nequo
555 3965 714 4039 corruptor
734 3976 905 4039 puerorum,
928 3977 1028 4040 neque
1045 3956 1150 4021 lalilrus
1166 3957 1287 4018 assimi-

177 4062 282 4126 uberis.
321 4063 446 4137 Quare?
491 4063 566 4137 Ouia
589 4063 665 4124 isluil
689 4063 795 4125 animal
818 4064 968 4125 annualim
992 4080 1098 4123 sexum
1121 4066 1229 4136 molal,
1258 4067 1289 4121 ol

177 4165 254 4229 nodo
275 4184 354 4244 mas,
377 4166 465 4229 morlo
489 4165 597 4228 lomina
619 4173 672 4228 esl.
711 4165 770 4229 Sed
793 4173 820 4228 el
841 4166 993 4229 mansiolam
1011 4167 1093 4247 joslo
1117 4164 1186 4226 orlio
1211 4182 1287 4245 pro-

178 4277 285 4332 eoulos
308 4276 362 4332 eal
410 4270 596 4347 Dissimilem,
621 4270 731 4350 inquil,
754 4277 785 4331 le
807 4271 965 4350 praebebis
989 4270 1060 4330 viris
1083 4268 1155 4345 illis,
1185 4262 1288 4350 ²quos

177 4372 299 4436 adunus
322 4391 377 4436 ore
400 4375 523 4456 impuro·
539 4374 697 4457 neqoiliam
721 4380 856 4455 palrare;
885 4393 941 4437 neo
965 4372 1141 4437 adhaerebis
1170 4373 1289 4455 impuris

177 4577 260 4630 unam
278 4578 443 4648 allegoriam
468 4581 544 4631 eliam
562 4579 630 4648 apud
649 4577 712 4629 Cle·
741 4589 801 4648 quoi
819 4583 874 4634 alul
893 4581 1014 4647 corporis
1038 4594 1166 4631 anamim
1184 4580 1217 4630 erl
1234 4594 1288 4631 aa·

177 4672 274 4716 sulem
288 4664 360 4717 Alex.
374 4663 520 4734 Paadagog.
533 4665 575 4717 lib.
589 4665 619 4717 ΙΙ.
633 4681 655 4716 o.
672 4665 712 4716 10.
741 4676 872 4719 armenia
891 4667 984 4732 lepori,
1004 4666 1108 4716 solidam
1127 4680 1210 4717 anuos
1228 4677 1290 4715 uec

177 4751 288 4820 maios,
307 4754 350 4819 qul
364 4749 593 4804 umessamabaa
607 4753 713 4821 epialolu
740 4756 843 4806 eolalia.
880 4755 965 4815 llam,
990 4758 1127 4817 alr-mque
1151 4749 1204 4801 eim
1228 4749 1288 4800 airr-

177 4837 284 4889 mim
300 4837 412 4891 siletur.
740 4842 813 4908 pulla
840 4841 944 4901 laune,
970 4853 1001 4888 aa
1027 4837 1086 4887 aiae
1111 4851 1184 4886 ma
1210 4848 1290 4901 aequa

198 4921 231 4987 6)
245 4922 320 4991 apori
331 4924 448 4991 Plinium,
461 4923 519 4979 hiat.
532 4934 584 4977 rial.
597 4924 642 4978 lib.
652 4924 714 4979 lllll.
741 4929 856 4997 pipme.
1197 4907 1202 4916 ¹

177 5009 235 5062 iila
246 5010 374 5082 loglmnur
393 5015 540 5067 amulcus
556 5021 650 5066 aanor
660 5024 713 5081 ul,
777 5013 808 5078 7)
826 5009 969 5063 Fellatoraa
981 5015 1006 5060 al
1018 5006 1165 5059 lallnlricar.
1193 5008 1288 5060 Corra.
