3067 6450
440 1217 632 1273 uutttsntuu
649 1219 674 1273 S.
693 1217 884 1276 Potucuut’t.
901 1221 920 1276 ῑ
939 1221 971 1276 ΙΙ.
1202 1227 1266 1294 275

253 1378 274 1440 l.
318 1378 367 1440 De
388 1381 539 1461 martyrio
561 1379 729 1461 Polycarpi
751 1390 782 1443 et
802 1385 961 1446 sociorum
982 1385 1158 1448 scribimus.

232 1482 410 1563 scripsimus
433 1485 529 1564 vobis,
554 1484 672 1563 iratres,
695 1486 733 1548 de
755 1489 933 1568 martyribus
957 1496 987 1550 et
1009 1488 1047 1550 de
1069 1489 1156 1552 beato
1172 1489 1267 1572 Poly-

139 1603 250 1666 eerpo,
275 1589 324 1667 qui
348 1590 489 1670 martyrio
512 1606 586 1668 suo,
610 1591 691 1654 uelut
712 1593 869 1675 signaculo
894 1593 1039 1674 quodem,
1065 1595 1268 1675 persecutioni

139 1689 231 1752 tinem
254 1692 400 1771 imposuit.
445 1693 522 1754 Fere
552 1697 629 1756 euim
659 1703 780 1775 cuncta,
811 1715 888 1776 quae
919 1707 1166 1778 praecesserunt,
1198 1699 1267 1762 ideo

140 1803 325 1873 evenerunt,
356 1802 387 1858 ut
418 1798 505 1860 nobis
536 1796 679 1860 Dominus
712 1801 843 1882 desuper
879 1800 1052 1863 ostenderet
1084 1804 1268 1884 mamyrium,

100 1900 104 1907 '
139 1898 306 1982 Evangelio
330 1919 504 1983 congruum.
548 1899 740 1981 Exspectovit
763 1906 841 1966 euim
865 1905 950 1984 tradi,
974 1908 1050 1968 sicut
1066 1912 1096 1968 et
1115 1906 1267 1986 Dominus,

140 2008 174 2065 ut
197 2008 226 2065 et
248 2021 305 2066 uos
328 2005 420 2086 ipsius
444 2022 580 2067 essemus
603 2006 773 2086 imitatores,
798 2027 859 2072 uon
882 2009 978 2072 sotum
999 2018 1101 2073 nostra
1123 2010 1267 2073 conside-

140 2114 253 2187 rantes,
277 2109 330 2172 sed
355 2116 385 2171 et
408 2129 452 2188 es,
477 2128 554 2189 quae
578 2110 615 2171 ad
639 2113 793 2193 proximos
811 2115 969 2195 pertinent.
1013 2113 1170 2176 charitatis
1189 2115 1267 2176 enim

139 2221 234 2274 verae
256 2230 291 2276 so
313 2213 426 2275 solidae
450 2220 512 2294 est,
543 2233 603 2278 non
634 2216 723 2280 modo
755 2235 790 2281 se
820 2220 916 2301 ipsum
939 2218 1018 2282 veile
1046 2220 1181 2298 seruari,
1211 2217 1271 2293 sed·

139 2317 230 2379 etiam
253 2335 357 2382 omnes
382 2318 498 2382 iratres.

419 2511 453 2573 ll.
498 2510 669 2592 Martyrum
691 2512 773 2575 mira
795 2515 983 2577 constantia.

227 2635 316 2698 Beata
350 2640 380 2695 et
412 2649 563 2716 generosa
595 2633 715 2696 fuerunt
745 2643 851 2698 cuneta
883 2637 1038 2718 martyria,
1072 2655 1150 2718 quoe
1177 2637 1264 2718 juxta

139 2738 322 2802 voluntatem
339 2738 394 2801 Dei
415 2743 590 2800 evenerunt
634 2736 749 2813 ¹Qnmn
773 2745 851 2803 euim
867 2760 924 2805 nos
940 2741 1146 2822 religiosiores
1161 2744 1264 2822 simus,

139 2846 207 2907 Deo
240 2845 367 2906 omnium
398 2861 497 2905 rerum
526 2848 702 2923 potestatem
727 2841 956 2908 ²edscribemus
987 2853 1114 2927 oportet
1161 2841 1264 2919 ³Qm's

138 2951 219 3012 enim
242 2950 474 3031 generositatem
498 2966 602 3011 eorum
625 2955 655 3010 et
678 2950 846 3029 patientiam
870 2957 899 3012 et
922 2969 994 3033 erga
1011 2951 1166 3013 Dominum
1189 2949 1264 3011 ehe-

137 3055 253 3116 ritotem
276 3072 336 3115 non
360 3053 529 3130 admiretur,
554 3054 603 3133 qui
626 3052 751 3134 flagellis
776 3053 851 3116 adeo
874 3055 1010 3133 lacerati,
1035 3061 1065 3116 ut
1088 3053 1124 3115 ad
1147 3055 1264 3114 intimas

139 3177 237 3240 usque
260 3175 351 3221 venas
383 3165 413 3221 et
442 3159 566 3220 arterias
598 3157 733 3239 corporis
763 3163 910 3220 structura
942 3164 1133 3236 cerneretur,
1166 3161 1264 3217 tamen

136 3266 359 3339 sustinueruut3
384 3264 432 3340 ite,
455 3267 488 3324 ut
510 3260 596 3324 etiam
620 3261 771 3324 adstantes
794 3263 1008 3324 miserarentur
1030 3260 1264 3342 etptangerent,

136 3369 196 3449 ipsi
220 3386 294 3430 vero
317 3385 355 3430 eo
380 3365 559 3430 tortitudinis
582 3366 729 3444 venirent,
753 3371 785 3428 ut
806 3384 895 3429 nemo
919 3366 1035 3428 ittorum
1058 3382 1157 3445 neque
1179 3382 1263 3425 urm·

136 3479 269 3534 murnret
285 3489 384 3551 neque
401 3472 621 3554 ingemisceret,
645 3471 782 3533 omuibus
799 3472 1002 3550 ostendentes,
1022 3468 1102 3552 quod
1119 3474 1264 3551 martyres

137 3577 248 3640 Christi
270 3577 344 3640 hora
367 3577 438 3654 ista,
462 3595 519 3656 qua
542 3574 774 3657 torquebuntur,
806 3582 892 3637 extro
915 3593 1035 3637 carnem
1059 3572 1184 3649 tuerint,
1215 3576 1265 3634 eut

135 3682 256 3762 petius,
290 3678 370 3761 quod
402 3680 544 3743 Dominus
579 3680 731 3744 assistens
756 3697 822 3742 cum
854 3681 927 3761 ipsis
959 3686 1040 3741 esset
1072 3675 1264 3741 collocutus?

136 3786 238 3866 Atque
259 3786 296 3850 ad
319 3785 429 3848 Christi
451 3785 577 3866 gratiam
600 3783 797 3847 adtendentes
828 3782 975 3846 mundana
1004 3786 1149 3846 tormenta
1172 3797 1265 3861 sper·

135 3890 263 3968 nebant,
296 3891 382 3952 unius
411 3888 502 3951 borae
532 3887 627 3968 spatio
656 3905 690 3949 se
723 3888 759 3950 ub
789 3896 911 3950 aeterua
944 3906 1041 3969 poena
1073 3884 1263 3948 redimentes.

136 3992 336 4075 Frigidusque
365 3994 437 4075 ipsis
467 3990 623 4054 videbatur
653 3991 731 4073 ignis
761 3992 927 4055 crudelium
959 3989 1136 4055 carnificum.
1188 3988 1264 4049 Prae

135 4096 233 4158 ocutis
265 4099 343 4159 enim
373 4096 520 4157 habebant
551 4094 650 4177 iugum
679 4095 757 4158 ittius
787 4098 882 4179 ignis,
914 4097 965 4177 qui
995 4102 1135 4158 aeternus
1158 4096 1205 4154 est
1234 4094 1265 4154 et

135 4218 286 4281 nunquam
309 4201 526 4281 exstinguetur,
550 4206 580 4260 et
603 4199 698 4261 oculis
721 4201 823 4263 cordis
845 4199 1046 4280 respiciebant
1064 4196 1101 4261 ad
1122 4214 1158 4259 ea
1174 4197 1264 4274 bona,

134 4322 214 4385 quoe
237 4310 429 4366 reservantur
452 4302 681 4381 sustinentibus,
712 4300 822 4383 ‘quac
853 4323 911 4366 nec
941 4304 1031 4365 nuris
1057 4301 1178 4363 audiuit
1205 4317 1264 4362 neo

135 4405 248 4471 ocutus
262 4408 351 4485 cidit,
375 4426 455 4487 pecc
476 4426 533 4469 nec
555 4408 590 4468 in
613 4426 670 4468 cor
690 4408 826 4470 bominis
845 4407 1066 4482 ascenderunt,
1091 4422 1167 4486 quae
1187 4419 1263 4464 vero

133 4527 152 4572 ι
176 4509 303 4574 Domino
325 4517 487 4575 monstrate
509 4516 579 4574 sunt
600 4511 653 4590 iis,
686 4518 788 4594 utpote
810 4514 861 4593 qui
884 4531 945 4577 uon
967 4511 1104 4575 homines
1126 4506 1261 4588 amptius,

170 4783 201 4852 2)
219 4783 256 4838 lta
271 4783 440 4850 Jaeobronur,
458 4786 501 4854 qui
520 4783 601 4836 moitis
620 4784 684 4837 iocis
711 4786 770 4853 pitis
788 4785 882 4838 dictum
900 4792 955 4850 ert,
980 4782 1100 4849 marigni
1118 4779 1162 4833 itt·
1180 4777 1256 4832 inisse
1344 4819 1352 4826 .

134 4878 230 4924 textum
249 4888 264 4924 o
282 4872 373 4938 codiee
385 4870 578 4955 vindobonensi
592 4887 682 4923 emen·
710 4871 784 4924 beata
803 4882 831 4923 ot
847 4888 981 4940 generose.

134 4955 213 5009 davit.
745 4959 776 5027 4)
794 4958 806 5013 Ι
823 4958 883 5013 Cor.
901 4958 928 5023 2,
946 4956 972 5009 D.

169 5041 199 5109 ³)
217 5041 339 5097 Probatur
356 5058 438 5111 nuuc,
457 5043 525 5113 quod
543 5044 616 5097 initio
635 5059 683 5097 ea·

982 5124 1052 5193 18*
