3067 6450
385 1198 509 1256 tantm
527 1199 685 1257 atterum
704 1202 748 1255 ΑΙ)
769 1202 966 1259 anunsslos.
985 1204 1016 1259 V.
1034 1204 1077 1260 vt.
1095 1206 1147 1262 vu
1265 1212 1327 1279 177

200 1364 236 1427 V.
285 1361 414 1426 Talibus
434 1362 604 1443 proposita
622 1371 669 1427 eet
688 1383 786 1442 more,
809 1366 885 1446 quia
900 1365 1111 1429 characterem
1128 1369 1327 1436 Christiana·

245 1488 324 1546 rum,
347 1459 404 1554 τήν
425 1455 559 1552 ἀγάπην,
582 1487 646 1532 noe
667 1468 798 1546 habent,
826 1479 856 1532 et
882 1472 1108 1551 cupiditatibus
1130 1476 1198 1538 cetis
1220 1496 1285 1541 noo

673 1575 858 1638 moriuntur.

289 1679 364 1753 Ouia
389 1684 486 1742 autem
510 1697 560 1742 res
584 1679 671 1743 tinem
696 1681 815 1759 hebent,
843 1678 1035 1745 ¹incumbunt
1049 1681 1108 1747 duo
1124 1684 1222 1764 simui,
1246 1705 1327 1751 mors

200 1791 233 1846 ot
254 1784 325 1862 vita,
347 1790 378 1847 et
400 1784 608 1866 unusquisque
630 1781 686 1848 ²in
709 1786 862 1867 proprium
885 1785 983 1849 iocum
1000 1787 1094 1849 iturus
1111 1794 1165 1850 est
1212 1790 1328 1864 Ouem'-

200 1887 359 1952 admodum
376 1889 453 1952 enim
470 1897 540 1952 sunt
555 1890 728 1952 numismata
742 1889 812 1969 duo,
830 1886 977 1953 ³aiterum
990 1890 1108 1972 quidem
1121 1892 1186 1972 Dei,
1202 1894 1326 1959 aiterum

200 2001 301 2058 autem
334 1995 451 2074 mundi,
486 2003 517 2059 et
548 1994 782 2077 unumquodque
815 1996 967 2077 proprium
1003 1995 1207 2062 characterem
1240 2000 1329 2064 habet

200 2099 389 2181 impositum,
412 2101 452 2163 ita
475 2100 611 2164 infideles
634 2100 838 2165 characterem
861 2100 961 2164 mundi
984 2101 1082 2184 hujus,
1104 2102 1208 2167 fideles
1230 2112 1327 2168 autem

200 2204 231 2265 in
255 2203 397 2267 charitate
420 2204 623 2268 characterem
647 2203 702 2268 Dei
724 2205 817 2268 Petris
841 2224 896 2288 per
916 2205 1018 2268 iesum
1038 2206 1185 2270 Christum
1208 2209 1327 2290 habent,

200 2325 256 2389 per
279 2326 367 2388 quem
390 2310 446 2371 nisi
474 2327 625 2393 propensa
657 2310 743 2373 nobis
775 2317 823 2373 est
853 2310 988 2374 voluntas
1017 2311 1093 2374 mori
1119 2313 1204 2395 juxta
1236 2315 1328 2396 ipsius

200 2414 390 2496 passionem,
412 2433 471 2480 nec
493 2417 552 2481 rita
574 2416 667 2499 ipsius
691 2417 720 2480 in
744 2415 832 2480 nobis
854 2422 909 2481 est
993 2452 997 2460 ι

541 2609 588 2676 Vi.
638 2609 749 2673 Tenete
771 2607 983 2671 concordiam.

291 2729 388 2803 Ouum
412 2730 512 2812 itique
533 2730 563 2793 in
586 2731 726 2812 personis
750 2748 840 2813 supra
864 2728 950 2792 dictis
974 2746 1092 2793 omnem
1114 2729 1327 2795 multitudinem

201 2829 261 2896 ⁴in
285 2833 344 2896 tide
366 2841 396 2898 et
420 2831 591 2898 ‘charitate
616 2837 863 2918 conspexissem,
894 2835 1015 2915 hortor,
1046 2842 1079 2899 ut
1109 2836 1138 2898 in
1165 2837 1328 2901 concordia

201 2939 302 3003 omnia
333 2958 481 3022 peragere
509 2938 671 3018 studeatis,
704 2941 848 3023 episcopo
878 2939 1068 3023 praesidente
1097 2941 1167 3003 loco
1193 2940 1265 3019 Dei,
1298 2947 1329 3004 et

199 3043 387 3126 presbyteris
409 3043 479 3108 ioco
501 3051 624 3107 senatus
646 3045 812 3125 apostotici,
835 3050 865 3106 et
881 3044 1025 3122 diaconis,
1048 3045 1117 3107 mihi
1133 3046 1327 3124 suavissimis,

201 3147 406 3212 concreditum
429 3147 606 3212 habentibus
625 3149 818 3215 ministerium
833 3148 907 3211 iesu
923 3147 1041 3227 Christi,
1065 3148 1115 3229 qui
1137 3155 1205 3210 ante
1224 3147 1327 3211 secula

201 3252 282 3335 apud
305 3260 419 3335 patrem
442 3260 523 3333 crat,
551 3260 581 3316 et
603 3254 632 3317 in
654 3254 714 3318 tine
736 3254 880 3336 apparuit.
926 3252 1037 3316 Omnes
1061 3253 1167 3335 igitur,
1195 3254 1326 3336 acceptis

202 3356 309 3421 iisdem
321 3357 428 3422 divinis
440 3359 582 3438 moribus,
594 3355 671 3423 ⁶vos
682 3366 783 3422 mutuo
796 3357 1004 3435 revereamini,
1017 3363 1048 3419 et
1060 3375 1148 3420 nemo
1161 3356 1325 3420 secundum

202 3480 325 3525 carnem
357 3470 474 3544 spectet
498 3458 707 3545 'proximum
737 3461 792 3526 scd
823 3461 851 3524 in
875 3461 949 3524 Jcsu
972 3459 1089 3524 Christo
1121 3478 1175 3523 vos
1199 3461 1326 3523 invicem

201 3584 325 3649 semper
348 3567 484 3650 diligatis.
529 3567 608 3632 Nihil
630 3570 669 3632 sit
692 3568 723 3630 in
746 3566 850 3645 vobis,
874 3564 955 3646 quod
980 3564 1073 3646 possit
1095 3582 1152 3627 vos
1174 3562 1325 3644 dirimere,

201 3669 258 3734 sed
282 3669 421 3734 unianimi
443 3672 587 3755 episcopo
611 3678 641 3735 et
662 3670 910 3754 praesidentibus,
933 3669 963 3733 in
986 3663 1117 3752 ⁸typum
1141 3674 1171 3730 ct
1196 3666 1326 3731 demon-

201 3775 376 3840 strationem
399 3777 633 3843 immortalitatis.

201 4069 261 4134 vlt
306 4069 396 4154 Apite
428 4073 510 4137 ntttt
540 4074 610 4137 eine
643 4073 794 4153 episcopo
824 4081 854 4135 et
882 4070 1097 4154 presbyteria
1128 4071 1201 4136 eitie
1231 4091 1327 4136 onum

647 4177 792 4256 tempium
812 4176 883 4238 Dei.

290 4294 543 4370 Quemadmodum
566 4298 658 4381 igitur
673 4297 817 4363 Dominus
840 4298 906 4360 sine
921 4297 1018 4376 Patre,
1043 4297 1099 4379 ipsi
1121 4296 1230 4375 unitus,
1254 4295 1326 4359 nihil

235 4430 265 4494 d)
285 4431 411 4498 Mea,
438 4431 481 4483 die
505 4433 561 4486 tirei
584 4434 676 4487 tctten
698 4442 748 4486 eto.
776 4433 833 4486 Deo
858 4433 937 4498 uniti,
964 4431 1090 4502 simaique
1117 4433 1174 4497 eiii,
1204 4434 1326 4486 nnitetenr

201 4513 288 4568 Brieie
306 4516 354 4569 tet
370 4514 424 4587 Igu.
443 4533 468 4572 v.
488 4518 518 4573 A„
536 4535 563 4587 p.
578 4520 627 4572 1³2
645 4521 749 4587 conjicit
776 4528 886 4573 vestrum
913 4535 970 4571 cum
989 4520 1110 4588 episcopo
1129 4520 1326 4585 conspicientes,

199 4594 301 4667 ‘'ut'ltt
777 4607 809 4659 ed
832 4608 1023 4675 persuasionem
1048 4606 1081 4659 de
1105 4606 1157 4657 rita
1180 4602 1221 4654 iiie
1239 4601 1325 4655 addu-

234 4691 266 4758 t)
284 4688 322 4741 ite
355 4690 417 4742 dedi
446 4705 479 4744 ex
507 4690 693 4761 interpolatore
724 4701 751 4745 et
777 4700 874 4745 cantur.
913 4696 1164 4747 winstat-imm
1182 4686 1326 4755 (vindicino

201 4774 380 4830 emendatione
420 4776 526 4847 Toapii,
573 4780 750 4831 concutiente
776 4777 895 4832 Petrinee
924 4795 950 4846 p.
977 4778 1024 4846 69)
1056 4793 1111 4830 cam
1140 4774 1231 4827 toreio
1263 4773 1327 4842 tegit

201 4860 516 4918 Peenoniessnoomn
550 4863 595 4917 u..
614 4865 656 4930 τῷ,
675 4863 750 4917 maie.
776 4863 856 4916 τόπον
873 4873 900 4918 et
917 4863 1020 4932 supplet
1036 4865 1116 4929 nepte,
1144 4867 1231 4913 eontra
1250 4860 1326 4912 tidem

233 4950 265 5018 8)
283 4948 302 5002 1.
327 4965 350 5001 e.
375 4951 458 5003 unitae
478 4965 540 5003 eum
564 4952 689 5020 episcopo
712 4959 752 5004 eet
777 4946 1000 5005 ecdicii-tiodiem
1021 4957 1048 5001 et
1064 4949 1184 5017 autiquae
1201 4946 1326 5000 versionis

201 5040 274 5105 typus
290 5036 362 5089 vitae
378 5035 456 5103 iiiiu,
475 5052 551 5107 qoem
567 5038 647 5092 teneti
661 5038 752 5093 neme
778 5038 881 5092 tatione.
938 5094 940 5097 ,

249 5139 393 5192 ametur.
408 5138 447 5181 re.
462 5140 496 5181 n.
1077 5121 1119 5189 12
