3067 6450
234 1187 298 1253 306
521 1179 679 1235 EPISTOLA
697 1180 744 1235 ΑΙ)
763 1180 966 1235 ΒΙΟΕΝΕΤΠΙΙ.
985 1181 1014 1236 V.
1032 1182 1073 1237 vl.

230 1342 342 1430 κοινήν.
393 1333 458 1406 ΙἘν
479 1336 571 1428 σαρκὶ
593 1330 819 1424 τυγχάνουσιν,
851 1331 918 1405 ἄλλ’
950 1330 990 1406 οὐ
1018 1335 1100 1408 κατοὶ
1130 1338 1234 1430 σάρκα
1265 1341 1358 1424 ζῶσιν.

230 1442 329 1515 Ι’Ἐπὶ
351 1449 410 1535 γῆς
432 1444 668 1534 διατρίβουσιν,
699 1438 770 1512 αλλ’
798 1443 831 1512 ἐν
854 1442 979 1534 οὐρανῷ
1004 1438 1238 1516 πολιτεύονται
1287 1449 1358 1517 Πεί-

228 1557 346 1620 θονται
369 1557 441 1628 τοῖς
462 1547 646 1640 ὡρισμένοις
666 1541 794 1633 νόμοις,
821 1548 900 1616 8καὶ
922 1553 990 1627 τοῖς
1012 1548 1111 1631 ἰδίοις
1138 1553 1228 1635 βίοις
1259 1557 1358 1624 νικῶσι

165 1718 166 1721 ,
227 1655 302 1736 τούς
332 1651 453 1742 νόμους.
497 1650 661 1744 Ἀχαπώσι
680 1657 828 1736 πάντας,
859 1653 911 1722 καὶ
942 1653 1006 1723 ὐπό
1035 1650 1165 1724 πάντων
1187 1658 1356 1729 διώκονται

226 1755 438 1851 Ἀχνοοῦνιαι,
460 1760 513 1829 καὶ
533 1760 789 1850 κατακρίνονται·
813 1760 1064 1841 *δανατοῡνταα
1086 1761 1140 1828 καὶ
1162 1762 1355 1844 ζωοποιοῦν

225 1896 287 1938 ται
334 1861 585 1995 6Πτωχεόουσι,
615 1866 667 1934 καὶ
696 1866 910 1948 πλουτίζουσι
930 1859 1091 1945 πολλοῦς·
1117 1861 1249 1935 πόντων
1275 1863 1354 1938 ὐστυ

225 1983 370 2102 ροῦνται,
401 1974 456 2040 καὶ
478 1973 510 2041 ἐν
532 1982 614 2041 πᾶσι
637 1971 897 2062 περισσεῦονσιν·
929 1963 1128 2054 ότιμούνται,
1159 1973 1215 2041 καὶ
1238 1973 1272 2042 ἐν
1293 1983 1355 2053 ταῖς

224 2078 276 2146 α’τι
277 2079 369 2165 μίαις
395 2081 434 2147 δο
435 2077 623 2161 ξόζοιταιῦ·
651 2080 930 2167 βλασφημοῦνται,
952 2076 1004 2143 καὶ
1027 2079 1243 2146 δικαιοῦνται·
1276 2079 1353 2148 7λοι-

224 2186 406 2275 δοροῦνται,
436 2184 488 2251 καὶ
510 2182 707 2272 εὐλογοῦσιν·
738 2175 937 2271 ὑβρίζονται,
962 2181 1013 2249 καὶ
1036 2187 1179 2266 τιμώσιν.
1225 2178 1352 2274 Ἀχαδο

223 2300 408 2371 ποιοῦντες,
439 2283 485 2369 ώς
507 2288 597 2356 κακοὶ
617 2286 823 2370 κολάζονται·
854 2285 1086 2373 8κολαζόμενοι
1107 2287 1296 2380 χαίρουσα,
1316 2289 1352 2368 ός

223 2394 482 2480 ζιυοποιυόμενοι.
525 2386 602 2461 Ὑπό
620 2391 779 2464 Ἰουδαίων
798 2386 844 2470 ώς
864 2386 1041 2483 ἀλλόφυλοι
1062 2395 1289 2479 πολεμοῦνται,
1308 2395 1351 2463 καὶ

222 2496 290 2567 ὐπό
312 2499 459 2588 Ἑλλήνων
481 2493 665 2567 διώκονται·
696 2499 750 2565 καὶ
772 2494 829 2587 τήν
850 2495 955 2564 αἰτίαν
977 2500 1035 2587 τῆς
1056 2494 1184 2589 ἔχθρας
1205 2499 1308 2570 εἰπεῖν
1326 2499 1350 2568 οῖ

222 2606 388 2688 μισοῦντες
411 2603 466 2671 οὐκ
488 2599 620 2687 ἔχουσιν.

246 2798 292 2862 vl.
342 2797 434 2873 Οιιοό
456 2808 503 2862 ιιι
524 2799 632 2862 anima
655 2799 688 2860 ιἰτ
712 2818 866 2878 corpore,
891 2801 926 2862 ῖό
949 2800 983 2861 in
1005 2801 1122 2865 οινοδο
1149 2800 1330 2865 Christiani.

307 2907 432 2993 Ἀπλώς
455 2911 485 2982 δ’
508 2913 615 2996 εἰπεῖν,
638 2911 720 3007 ὅπερ
743 2916 829 2985 ἐστὶν
850 2921 883 2986 ἐν
905 2912 1026 3004 σώματι
1047 2920 1144 3010 ψυχή,
1167 2913 1260 2987 τοῦτ’
1280 2918 1347 2987 εἰσὶν

221 3017 253 3089 ἕν
281 3013 388 3108 κόσμῳ
416 3020 613 3109 Χριστιανοὶ.
651 3015 829 3113 Ἐσπαρται
859 3025 938 3094 κατα
967 3019 1092 3094 πόντων
1121 3035 1185 3093 τών
1215 3035 1275 3094 τοῦ
1295 3025 1344 3093 οὐ

221 3153 322 3214 ματος
349 3129 451 3212 μελών
478 3127 497 3217 ἡ
527 3127 631 3218 ιμυχὴ,
661 3129 713 3195 καὶ
735 3131 925 3220 Χριστιανοὶ
952 3130 1035 3198 κατοὶ
1058 3127 1118 3210 τός
1147 3134 1208 3199 τοῦ
1238 3124 1344 3215 κόσμου

222 3230 335 3313 πόλεις
350 3235 370 3299 ⁹.
420 3233 504 3303 Οίκεῖ
525 3234 582 3317 μὲν
604 3234 637 3302 ἕν
660 3244 706 3321 τῷ
727 3229 854 3319 σώματι
877 3238 981 3327 ψυχή,
1012 3231 1069 3305 οὐκ
1092 3235 1161 3305 ε”στι
1185 3237 1222 3305 δὲ
1243 3238 1277 3306 ἐκ
1297 3237 1344 3304 τοῦ

222 3340 384 3425 σώματος·
414 3340 466 3406 καὶ
491 3340 518 3382 ¹⁰
532 3339 718 3427 Χριστιανοὶ
739 3339 772 3407 ἐν
793 3334 900 3428 κόσμῳ
923 3341 1076 3423 οἰκοῦσιν,
1102 3338 1161 3433 οὐκ
1181 3342 1243 3414 είσὶ
1264 3339 1343 3411 δὲέν

222 3449 281 3512 τοῦ
313 3443 440 3529 κόσμου.
485 3437 636 3534 Ἀόρατος
658 3443 676 3533 ἡ
701 3441 788 3533 φυχὴ
810 3445 841 3512 ἐν
864 3445 972 3534 όρατῴ
995 3449 1187 3536 φρουρεῖται
1215 3454 1263 3533 τῷ
1291 3440 1339 3513 οὐ

221 3576 316 3635 ματι·
344 3550 396 3617 καὶ
418 3548 609 3639 Χριστιανοὶ
631 3547 834 3636 γινώσκονται
869 3553 890 3593 ¹¹
905 3550 963 3634 μὲν
986 3552 1073 3629 ὄντες
1102 3550 1135 3618 ἐν
1165 3553 1213 3639 τῷ
1238 3551 1339 3633 κόσμῳ,

221 3648 361 3745 ἀόρατος
391 3654 426 3722 δὲ
456 3648 561 3722 αῦτών
591 3647 610 3741 ἡ
639 3652 814 3737 θεοσὲβιια
842 3653 936 3741 μένει.
980 3661 1085 3726 Μισεῖ
1112 3655 1170 3745 τήν
1202 3649 1339 3746 ψυχὴνό

220 3757 302 3849 σόρξ
323 3760 377 3827 καὶ
399 3761 546 3844 πολεμεῖ,
575 3757 671 3847 μηδὲν
703 3752 910 3848 οἷδικουμίυ),
939 3756 1025 3830 διότι
1052 3765 1123 3839 ταῖς
1147 3755 1275 3851 ἡδοναῖς
1293 3780 1337 3823 τιν

221 3858 331 3932 λῦεται
353 3868 515 3954 χρῆσθαι·
543 3867 631 3949 μασεῖ
649 3864 701 3931 καὶ
724 3866 941 3954 Χριστιανούς
964 3867 983 3935 ό
1004 3858 1141 3951 κόσμος,
1164 3866 1262 3955 μηδὲν
1281 3858 1336 3931 όδι·

221 3968 391 4051 καόμενος,
424 3964 476 4036 ότι
504 3972 575 4045 ταῖς
603 3970 729 4058 ἡδοναῖς
757 3961 1007 4039 ιίντιτόσσοιται,
1051 3965 1093 4037 Ἡ
1116 3969 1210 4060 ψυχὴ
1229 3964 1282 4057 τήν
1299 3988 1335 4052 μι-

222 4080 340 4139 σοῦσαν
373 4067 485 4161 όχαπᾷ
517 4073 618 4164 σόρκα
650 4075 702 4141 καὶ
734 4100 777 4141 τα
809 4074 905 4165 μέλη·
947 4081 970 4120 ¹¹²
983 4103 1036 4144 και
1027 4075 1267 4199 Χριστιανοὶ
1278 4065 1337 4146 τούς

222 4185 390 4263 μισοῦντας
419 4178 592 4302 ὐχαπώσιν.
637 4175 861 4267 Ἐχκέκλεισται
889 4181 995 4265 μὲνι
973 4210 994 4270 ι)
1025 4176 1115 4309 ψυχή
1145 4186 1194 4268 τιχῖ
1222 4173 1337 4310 σώματι)

224 4282 345 4368 συνέχει
367 4278 465 4349 δὲ
425 4285 503 4374 αυτὴ
524 4281 562 4352 τό
585 4293 644 4369 σώμ
645 4310 695 4352 ια·
724 4285 777 4352 καὶ
800 4286 987 4376 Χριστιανοὶ
1015 4286 1202 4371 κατέχονται
1226 4286 1283 4370 μὶν
1306 4273 1338 4355 ὦς

224 4387 256 4458 ἐν
278 4413 405 4480 φρουρρι
429 4415 474 4477 τῳ
496 4383 612 4477 κόσμῳ,
638 4385 766 4460 13αὐτοὶ
789 4390 826 4459 δὲ
847 4390 1009 4477 συνέχουσι
1026 4392 1081 4461 τόν
1098 4384 1227 4477 κόσμον.
1260 4383 1337 4457 ’AM

222 4519 320 4574 νατος
342 4493 361 4584 ἡ
383 4494 472 4584 ψυχή
501 4495 533 4563 ἐν
561 4500 670 4584 θνιχτρῖ
698 4491 877 4584 σιομώματι
907 4501 1060 4566 κατοικεῖ·
1091 4496 1147 4563 καὶ
1169 4486 1337 4587 Χριστιανοὶ

153 4644 156 4649 -
224 4602 433 4695 παροικοῦσιν
461 4599 495 4668 ἐν
519 4604 701 4691 φθαρτοῖς,
730 4598 787 4691 τῆν
810 4602 842 4670 ἐν
864 4596 1010 4693 οὐρανοῖς
1039 4599 1230 4693 ἀφθαρσίαν
1255 4619 1336 4690 προς·

202 4801 205 4806 ·
264 4779 292 4847 1)
311 4777 362 4832 cfr.
372 4777 462 4832 ncor.
474 4779 514 4845 10,
524 4781 548 4831 3.
561 4780 634 4831 Rom.
643 4777 775 4848 8,12sqq.
800 4779 927 4845 jubebant
956 4780 1042 4849 Ιιχιι,
1073 4781 1121 4834 sed
1149 4778 1247 4847 mjon
1276 4776 1335 4828 ⁶¹1¹!

263 4868 292 4932 2)
310 4866 361 4921 cfr.
379 4864 488 4934 Philipp.
507 4867 533 4933 3,
555 4865 663 4918 18-20.
803 4874 968 4934 praestarent.
999 4872 1078 4920 Οττο.

266 4954 295 5024 3)
314 4953 446 5006 Christiani
471 4954 588 5007 dicuntur
613 4955 682 5022 ipm
705 4952 778 5022 logos
838 4954 869 5022 4)
886 4952 937 5007 crs.
957 4952 980 5006 11
998 4952 1056 5007 Cor.
1076 4954 1103 5021 6,
1122 4955 1147 5007 9.

226 5046 381 5109 mpetum,
400 5041 467 5111 quod
485 5058 536 5096 nou
554 5040 636 5095 nolum
652 5057 694 5111 οι,
712 5055 778 5112 qun
839 5040 868 5108 5)
888 5039 940 5095 cfr.
959 5040 983 5095 ΙΙ
999 5040 1060 5097 cor.
1077 5040 1105 5109 6,
1125 5035 1167 5095 10.

201 5277 326 5292 -ω-
