3067 6450
225 1155 310 1220 cxxx
659 1163 914 1220 raouncouauu.
1180 1164 1340 1236 [arnron

310 1327 357 1390 lV.
402 1326 466 1390 lam
491 1326 529 1389 de
558 1329 736 1408 intepritate
767 1325 933 1389 dicendum.
980 1325 1132 1405 Dallaens,
1164 1346 1234 1390 cum
1264 1335 1340 1391 totam

224 1433 377 1514 epistolam
400 1434 529 1515 rejicere
552 1451 586 1495 se
608 1451 699 1514 posse
733 1447 792 1491 non
823 1436 976 1512 speraret,
1008 1431 1139 1493 ultimam
1172 1437 1260 1494 certe
1286 1434 1341 1515 ejus

223 1545 336 1618 partem
361 1537 523 1619 Polycarpo
547 1539 729 1620 suppositam
759 1534 930 1614 contendit,
962 1535 1198 1598 assentientibus
1222 1535 1342 1620 lloynio,

223 1640 372 1704 Bunscnio
393 1640 421 1724 ¹)
444 1649 474 1704 et
495 1642 568 1705 aliis.
615 1642 674 1705 Sed

309 1745 345 1830 a)
375 1746 439 1810 lam
468 1747 615 1810 Eusebius
646 1742 739 1827 (Hist.
764 1744 838 1807 eccl.
861 1743 915 1821 lll,
939 1740 1010 1826 36.)
1042 1746 1248 1826 posteriorem
1277 1745 1342 1810 banc

222 1852 365 1935 epistolae
382 1858 493 1933 partem
509 1855 589 1929 citat,
612 1857 700 1932 alque
717 1869 756 1912 ex
772 1869 806 1912 ea
823 1848 868 1932 (c.
889 1847 959 1932 13),
981 1855 1014 1912 ut
1033 1868 1073 1912 eur
1087 1851 1343 1932 praecedentibus,

221 1957 363 2039 quaedam
387 1958 540 2039 Polycarpi
564 1959 656 2020 verba
680 1957 883 2036 transscripsit
899 1951 942 2038 ²).

307 2059 345 2146 b)
370 2062 534 2142 Eusebius,
558 2070 589 2125 ut
614 2063 690 2124 bene
713 2061 893 2124 Pearsonius
917 2059 1006 2122 docet
1022 2055 1072 2144 ³),
1100 2078 1157 2123 nec
1182 2059 1266 2141 falli,
1295 2081 1342 2126 nec

219 2167 322 2231 fallere
346 2171 448 2250 potuit.
495 2169 564 2229 Erat
587 2170 664 2230 enim
688 2173 747 2229 tota
772 2166 896 2247 epistola
928 2166 1064 2227 omnibus
1095 2168 1236 2246 exposita
1245 2189 1256 2245 3
1286 2175 1341 2231 erat

218 2273 247 2335 in
279 2274 415 2335 ecclesiis
447 2273 586 2335 Asiaticis
619 2281 687 2335 tuuc
717 2273 876 2352 temporis,
911 2290 978 2332 curn
1010 2270 1158 2332 scriberet
1191 2272 1340 2351 Eusebius,

217 2380 335 2460 publice
360 2379 454 2455 lecla3
478 2385 564 2440 norat
587 2398 651 2440 eam
675 2380 890 2458 Hieronymus,
919 2378 1003 2459 cujus
1027 2377 1178 2457 versioni,
1203 2380 1263 2441 nisi
1285 2379 1340 2440 aliis

172 2525 176 2531 -
218 2490 397 2564 occupatus,
422 2484 619 2561 incubuisset,
644 2489 793 2545 ettamen
817 2482 1162 2562 Eusebiananuuquam
1187 2485 1339 2546 recusauit

216 2588 263 2651 De
287 2589 335 2650 illa
359 2589 448 2671 igitur
471 2588 623 2669 particula,
648 2608 735 2669 quam
759 2588 920 2668 exscripsit
941 2586 1103 2663 Eusebius,
1133 2586 1264 2650 dubitari
1287 2605 1339 2649 uon

216 2700 330 2773 potest,
360 2695 416 2756 uisi
447 2695 533 2756 etiam
563 2693 601 2756 de
632 2700 692 2756 tuta
722 2694 847 2777 epistola
878 2694 964 2756 simul
996 2694 1109 2773 absque
1140 2693 1202 2756 ulla
1231 2695 1340 2758 ratione

216 2795 392 2861 dubitemus.

303 2903 385 2977 Ouae
401 2902 543 2966 Dollaeus
566 2922 606 2966 ex
629 2903 754 2984 epistola
778 2904 842 2985 ipsa
866 2911 969 2966 contra
995 2903 1196 2986 integritatem
1221 2905 1338 2988 prolerl,

215 3008 323 3070 nullius
348 3011 486 3070 momenti
510 3027 591 3085 esse,
615 3008 700 3070 facile
725 3009 898 3090 perspicies.

302 3108 338 3194 a)
362 3113 604 3175 Decentissimam
622 3114 765 3194 epistolae
782 3114 941 3176 clausulam
960 3133 985 3176 c.
1005 3111 1044 3177 12
1066 3113 1206 3196 inveniri,
1231 3116 1338 3198 reliqua

213 3217 303 3300 igitur
326 3225 430 3298 postea
454 3217 570 3301 adjecta
595 3238 673 3297 esse,
697 3218 849 3281 contendit
874 3219 919 3280 uir
944 3220 1072 3283 criticus.
1117 3219 1178 3285 Sed
1203 3222 1337 3286 clausulis

213 3324 359 3404 ejusmodi
376 3323 550 3385 antennam
570 3326 658 3386 totius
678 3324 823 3405 epistolae
839 3325 867 3386 S.
884 3324 989 3387 Paulus
1013 3343 1133 3404 quoque
1156 3333 1186 3388 et
1203 3327 1337 3390 Clemens

211 3428 361 3492 Rornanus
392 3430 436 3491 usi
467 3437 554 3504 sunt;
583 3428 635 3491 clu.
668 3429 704 3491 ad
733 3429 816 3490 Rom.
842 3428 897 3501 15,
922 3425 972 3491 33.
1005 3429 1041 3490 ad
1070 3430 1180 3512 Ephes.
1205 3428 1246 3509 3,
1270 3429 1336 3508 214

211 3532 336 3595 lClum.
361 3534 396 3594 ad
421 3534 488 3596 Cor.
513 3552 596 3614 capp.
621 3530 671 3595 20.
696 3531 746 3596 38.
771 3531 821 3595 db.
846 3530 896 3597 50.
920 3530 970 3595 58.

300 3633 337 3718 b)
363 3636 518 3720 luupostor,
542 3640 566 3700 si
591 3638 739 3700 Dallauuru
764 3637 876 3713 audias,
900 3638 939 3697 ita
963 3636 1102 3717 loquitur,
1130 3648 1161 3702 ul
1185 3641 1337 3723 Ignatium,

212 3751 272 3819 qno
296 3748 430 3822 ternpore
454 3744 527 3804 baec
550 3745 657 3823 scripta
681 3749 758 3819 suut,
782 3743 876 3804 adbuc
899 3761 1062 3823 superesse
1087 3745 1248 3827 significet.
1292 3750 1338 3813 uo

211 3844 291 3924 ipso,
317 3847 409 3925 iuquit
433 3866 457 3908 c.
486 3845 698 3926 13.‚19eau0,
723 3855 752 3908 et
776 3848 814 3909 dc
836 3848 894 3922 bis,
920 3848 1063 3926 quicum
1086 3868 1122 3911 eo
1146 3861 1231 3927 sunt,
1249 3855 1339 3935 ,quod

212 3951 327 4011 certius
343 3953 546 4029 upuooeritis,
564 3954 747 4032 eipnificutc.
780 3953 890 4014 Prioris
907 3958 1003 4013 autem
1016 3954 1107 4033 partis
1121 3962 1227 4019 auctor
1240 3959 1284 4037 (c.
1301 3956 1338 4041 9)

210 4057 397 4135 apertissime
420 4056 560 4132 affirmat,
591 4058 734 4139 lgnutium
755 4060 815 4140 jam
841 4055 933 4118 luisse
963 4064 1117 4119 mortuum.
1162 4031 1260 4125 l'utile
1283 4064 1339 4127 buc

210 4168 425 4238 argumentum.
465 4162 494 4222 Si
514 4165 591 4225 enirn
608 4165 699 4225 uerba
718 4165 765 4226 illa
783 4184 808 4225 c.
829 4160 877 4239 13,
896 4162 1038 4223 ruienrlacii
1055 4173 1202 4241 accusata,
1227 4188 1337 4249 graeca

210 4260 305 4322 adbuc
329 4272 481 4326 exstarent
504 4262 575 4346 (καὶ
597 4262 670 4350 περὶ
691 4261 838 4349 'lprurc'ou
859 4262 909 4327 aet
933 4264 1010 4350 auspi
1033 4272 1095 4327 τῶν
1118 4264 1187 4346 μετ’
1208 4268 1339 4358 amoc),

210 4383 297 4428 nemo
321 4375 403 4428 certe
427 4371 640 4449 contenderet,
670 4372 814 4454 lgnutiuur
839 4373 941 4433 adbuc
963 4374 1065 4434 vinum
1097 4375 1152 4436 illis
1175 4379 1339 4459 significari

210 4477 260 4530 aut
284 4472 374 4532 innui.

298 4575 323 4636 N
327 4579 474 4657 upurrirne
487 4579 535 4640 Dr.
547 4580 669 4641 liitsclrl
683 4576 821 4661 (atulam.
834 4567 1047 4655 llirchefflonn
1062 4582 1235 4663 tsoutano
1249 4590 1340 4652 modo

210 4698 244 4740 ac
262 4679 399 4741 Dullaeus
415 4684 577 4761 permultos
595 4685 682 4765 liujus
699 4686 843 4765 epistolae
860 4687 953 4764 locos,
978 4709 1017 4749 ex
1034 4690 1161 4751 diuersis
1182 4694 1340 4772 capitibus,

247 4834 272 4894 lt
292 4833 342 4885 (Ἰν.
355 4839 472 4900 Buuaau,
487 4834 629 4903 lgnatiusu.
641 4837 757 4890 Antioclr.
822 4840 849 4898 3)
870 4840 966 4892 Vindio.
980 4839 1058 4909 ignat.
1074 4841 1098 4892 P.
1113 4842 1142 4894 ll.
1158 4859 1215 4911 cap.
1230 4845 1251 4895 V
1270 4848 1340 4914 apud

210 4936 235 4971 n.
255 4923 325 4970 scine
342 4915 409 4974 Zeia.
433 4924 504 4972 ltili.
527 4940 550 4989 p.
575 4922 631 4973 108.
788 4930 896 4983 coteler.
918 4929 933 4979 l.
953 4943 974 4982 c.
994 4945 1019 4995 p.
1040 4928 1091 4981 300
1109 4947 1164 4999 sqq.

244 5007 273 5080 2)
284 5007 334 5059 Clr.
342 5006 607 5080 supraplelb'lllet
615 5011 757 5064 Nourrium.

201 5249 222 5292 Ι.
