3067 6450
407 1185 545 1243 asanaa
563 1185 698 1241 aasron.
734 1186 831 1241 uranu
849 1186 891 1241 ur.
927 1186 1112 1243 suumn.
1258 1193 1320 1260 421

195 1348 286 1433 gines
310 1354 475 1430 potestates
499 1356 568 1412 suut
590 1349 654 1412 Filii
671 1348 734 1411 Dei.
779 1348 819 1411 lta
842 1348 952 1412 trustra
974 1369 1083 1413 nomen
1107 1353 1172 1434 ejus
1194 1354 1324 1434 portabit

196 1454 276 1535 quis,
299 1453 356 1514 nisi
379 1454 464 1518 etiarn
488 1461 654 1536 potestates
678 1454 742 1534 ejus
765 1456 958 1535 portaverit.“
1004 1455 1040 1516 Et
1057 1454 1129 1517 dixit
1144 1457 1227 1518 milri:
1253 1458 1322 1536 „vi-

195 1555 267 1620 disti
290 1556 403 1639 lapides
427 1558 511 1636 illos,
544 1560 593 1638 qui
616 1559 723 1640 abjecti
746 1559 839 1621 sunt?
883 1558 927 1621 llli
956 1561 1033 1622 enirn
1063 1580 1171 1624 nomen
1204 1547 1323 1643 quidem

194 1667 362 1744 portarunt,
386 1669 501 1724 vestem
518 1669 614 1725 autern
631 1663 744 1724 illarum
761 1681 820 1725 non
835 1663 1025 1731 indueruntss
1073 1665 1109 1727 Et
1125 1665 1200 1728 dixi:
1226 1685 1323 1746 „quae

195 1773 245 1830 est
278 1766 371 1828 vestis
402 1785 521 1845 earum,
552 1766 715 1829 domine?“
764 1767 887 1850 „lpsa,“
920 1770 1029 1849 inquit,
1063 1772 1200 1848 „nomina
1231 1773 1323 1834 vestis

195 1890 300 1935 aarum
325 1877 377 1933 est.
422 1870 607 1952 Quicumque
631 1872 736 1954 erg0‚“
761 1873 865 1953 inquil,
891 1871 1043 1951 ¹„n0men
1059 1873 1123 1936 Filii
1138 1874 1192 1936 Dei
1215 1881 1322 1956 portat,

194 1976 301 2041 berum
333 1994 452 2058 quoque
484 1978 602 2039 nomina
632 1983 754 2057 portare
786 1975 890 2052 debet;
924 1996 990 2039 nam
1022 1984 1051 2041 et
1080 1978 1170 2041 Filius
1203 1981 1321 2041 nomina

193 2088 296 2165 portat
311 2101 420 2144 earum.
466 2080 707 2162 Quoscumque,“
733 2083 835 2163 inquit,
861 2081 993 2162 „lapides
1010 2082 1106 2144 vidisti
1129 2084 1158 2143 in
1174 2089 1321 2145 structura

193 2187 379 2250 remansisse
402 2204 458 2267 per
480 2204 583 2248 manus
613 2187 715 2249 barum
740 2189 881 2264 traditos,
912 2207 1013 2250 earum
1044 2195 1192 2270 potestate
1222 2189 1320 2250 vestiti

192 2298 274 2357 eunt
320 2288 478 2373 ²ldcoquc
509 2298 597 2354 totam
628 2294 730 2355 turrim
755 2292 935 2354 concordem
960 2294 1045 2356 vides
1069 2313 1135 2354 curn
1158 2298 1259 2374 petra,
1291 2297 1321 2352 et

194 2396 281 2460 velut
302 2414 342 2457 cx
371 2414 432 2458 uno
463 2395 561 2478 lapide
590 2395 703 2458 tactam.
750 2397 799 2460 Sic
829 2416 949 2478 quoque
979 2399 1016 2476 ii,
1050 2399 1099 2478 qui
1128 2395 1320 2458 crediderunt

193 2501 265 2564 Deo
287 2520 341 2583 per
363 2502 468 2564 Filium
492 2503 574 2584 eius,
604 2501 696 2564 induti
726 2510 795 2565 sunt
818 2492 977 2583 ³sp'riritum
1008 2501 1095 2564 bunc.
1141 2500 1220 2564 Ecce
1243 2519 1318 2563 unus

195 2607 255 2669 crit
276 2607 413 2688 spiritus,
445 2611 475 2667 et
505 2623 593 2667 unum
626 2624 752 2686 corpus,
783 2614 814 2670 et
843 2623 918 2669 unus
941 2607 1025 2667 color
1047 2605 1173 2668 uestium
1197 2623 1318 2682 eorum;

193 2709 251 2774 sed
278 2716 307 2771 et
331 2710 371 2772 illi
401 2717 596 2790 assequentur
619 2711 700 2801 ista,
730 2712 780 2792 qui
810 2711 994 2793 portaverint
1022 2711 1140 2773 nomina
1171 2710 1319 2791 virginum

194 2815 329 2879 barum.“
374 2812 410 2874 Et
433 2814 509 2876 dixi:
536 2834 647 2896 „quare
671 2834 761 2899 ergo,
786 2816 922 2895 domine,
944 2813 1080 2898 ⁴abjecti
1104 2815 1318 2896 suntlapides,

195 2921 248 3001 qui
271 2919 423 2999 reprobati
446 2917 582 2998 luerunt,
613 2939 701 3000 quum
733 2921 791 3002 ipsi
821 2939 875 3002 per
904 2928 1018 3001 portam
1042 2921 1174 2983 translati
1198 2919 1317 2997 luerint,

194 3031 226 3088 ct
250 3023 347 3085 traditi
369 3040 424 3104 per
439 3041 542 3086 manus
559 3025 705 3107 virginum
722 3024 824 3087 barum
842 3025 870 3087 in
887 3031 1063 3087 structuram
1079 3025 1168 3086 turris
1184 3022 1316 3104 bujust“

197 3127 402 3210 „Quoniam,“
438 3127 549 3208 inquit,
581 3146 671 3206 „cura
695 3130 745 3191 tibi
769 3135 829 3208 est,
854 3130 950 3192 omnia
974 3128 1132 3210 diligenter
1155 3128 1316 3207 inquirere,

194 3234 266 3298 audi
290 3232 327 3294 de
351 3232 385 3293 iis
409 3232 572 3313 lapidibus,
604 3235 653 3314 qui
681 3235 789 3316 abjecti
811 3241 887 3297 sunt
933 3235 968 3296 Hi
992 3250 1095 3297 omnes
1119 3249 1227 3294 nomen
1252 3229 1317 3292 Filii

192 3338 250 3401 Dei
274 3344 472 3418 acceperunt,
504 3336 557 3399 sed
588 3343 618 3398 et
640 3345 816 3420 potestatem
839 3340 986 3423 virginum
1009 3338 1121 3399 barum.
1166 3336 1218 3397 llis
1241 3352 1316 3417 ergo

191 3442 347 3524 spiritibus
371 3443 500 3523 acceptis
523 3443 717 3505 consummati
741 3441 870 3522 luerunt,
894 3450 923 3505 et
946 3444 974 3505 in
991 3459 1144 3505 numerum
1160 3458 1316 3502 servorum

192 3545 250 3608 Dei
285 3544 417 3623 redacti,
451 3552 481 3606 et
513 3564 603 3608 unum
634 3566 744 3629 corpus
776 3566 880 3610 corurn
911 3566 978 3609 esse
1011 3548 1110 3629 coepit
1139 3554 1228 3626 alque
1258 3563 1317 3607 una

191 3650 306 3726 vcstis3
330 3648 463 3712 eamdem
488 3652 564 3712 enirn
587 3652 754 3714 sentiebant
776 3653 962 3732 aequitatem,
986 3671 1072 3732 quarn
1096 3651 1206 3732 pariter
1222 3668 1316 3710 exer·

191 3754 310 3818 cebant.
356 3752 394 3816 At
418 3772 492 3817 vero
515 3761 670 3836 postquam
692 3756 830 3818 viderunt
853 3752 1019 3818 ⁵mulieres
1050 3756 1132 3832 illas,
1163 3769 1236 3833 quas
1259 3750 1315 3812 ad-

192 3860 310 3924 vertisti
333 3860 418 3942 nigra
442 3866 526 3922 veste
550 3863 683 3941 vestitas,
708 3862 820 3923 exertis
843 3860 973 3922 humeris
997 3866 1026 3922 et
1048 3858 1153 3922 solutis
1175 3856 1315 3933 crinibus,

191 3965 430 4045 concupiverunt
452 3965 602 4027 solicitare
625 3966 688 4028 illus
713 3967 750 4028 ob
775 3964 1019 4047 pulchritudinem
1044 3981 1154 4039 earum,
1179 3966 1207 4022 et
1223 3960 1316 4022 induti

183 4074 263 4134 ‚sunt
286 4074 432 4149 potestate
457 4086 575 4144 earnrn;
607 4070 753 4152 uirginum
779 4086 852 4131 vero
876 4069 1068 4149 projecerunt
1091 4067 1234 4128 amictum.
1279 4064 1316 4126 lli

192 4172 287 4254 igitur
309 4172 414 4254 abjecti
438 4178 506 4234 sunt
529 4190 544 4233 a
569 4171 656 4234 domo
674 4173 737 4252 Dei,
761 4181 790 4235 et
807 4173 901 4234 traditi
924 4172 1094 4233 mulieribus
1110 4170 1175 4231 illis.
1221 4169 1315 4247 Albi,
1364 4255 1369 4262 Ι

192 4278 327 4360 quinon
358 4284 427 4341 suut
455 4280 588 4360 corrupti
617 4279 835 4361 pulchritudine
865 4295 982 4355 earum,
1011 4275 1041 4337 in
1071 4275 1159 4337 domo
1183 4274 1238 4336 Dei
1261 4292 1315 4336 rc·

812 4437 825 4463 0

231 4503 258 4570 1)
278 4500 330 4554 cfr.
350 4501 432 4569 Apoe-
453 4501 478 4565 3,
498 4501 539 4553 12.
561 4501 645 4566 14,.1.
676 4502 740 4554 llum
803 4500 831 4567 3)
850 4499 869 4553 1.
886 4516 908 4553 a.
928 4499 1048 4569 Spiritum
1068 4500 1195 4564 divinum,
1214 4497 1257 4566 qui
1275 4503 1315 4547 est

192 4590 300 4644 Hermae
324 4588 488 4657 apocalypsin
514 4588 539 4641 S.
555 4590 658 4642 loannis
682 4591 740 4639 imi-
769 4588 825 4641 lona
843 4590 964 4639 virtutum
983 4587 1182 4639 christianarum.

192 4680 240 4729 tari
253 4676 378 4740 uoluerit,
396 4676 499 4728 dubium
513 4685 559 4730 est.
588 4675 739 4732 Clr..1eeb·
802 4677 831 4736 4)
851 4675 901 4728 Cir.
920 4690 996 4741 supra
1015 4690 1037 4725 c.
1056 4675 1081 4725 6.
1100 4690 1124 4740 p.
1145 4670 1204 4724 414.
1223 4677 1277 4721 aot.
1296 4669 1312 4720 3

191 4781 281 4818 aaran.
300 4762 317 4813 Ι.
338 4780 360 4814 c.
379 4780 404 4831 p.
424 4762 465 4814 62.
769 4771 795 4815 et
814 4762 865 4814 vn.
884 4761 934 4826 111,
953 4762 976 4811 5.

226 4851 257 4913 2)
283 4849 401 4901 llermanr
427 4851 460 4903 de
487 4853 587 4906 unitate
611 4853 741 4906 ccclesiae
802 4851 833 4915 5)
859 4849 897 4900 De
923 4848 961 4897 bis
985 4845 1129 4897 mutieribus
1153 4843 1211 4896 ride
1236 4859 1311 4912 supra

193 4937 262 5006 loqui
285 4946 372 4988 monet
395 4942 492 5006 Ratira,
521 4936 578 4989 aar.
598 4939 622 4990 d.
643 4939 739 4992 cbriatl.
768 4953 791 4988 c.
810 4936 834 4988 9.
854 4954 878 5004 p.
897 4935 956 4985 417.
982 4932 1068 4984 uot.2
1092 4938 1118 4982 ct
1141 4931 1205 4984 intra
1225 4946 1248 4982 c.
1269 4931 1311 4997 15,

192 5022 283 5079 Kircho
301 5041 326 5093 p.
347 5024 408 5076 596.
767 5022 809 5074 ubl
827 5038 912 5074 aarum
931 5020 1031 5072 numina
1049 5019 1172 5071 inuenies.
