3067 6450
451 1200 611 1255 Ertsrotn
629 1199 675 1254 ΑΙ)
695 1195 896 1253 utocnututt.
915 1196 968 1253 xtt.
1209 1194 1272 1262 321

146 1359 203 1425 suit
209 1384 218 1440 3
235 1380 339 1425 verum
354 1381 415 1427 non
430 1364 543 1447 lignum
559 1361 740 1447 cognitionis
755 1360 862 1442 perdit,
882 1359 936 1422 sed
952 1358 1150 1423 inobedientia
1167 1356 1273 1442 perdit
1374 1355 1377 1385 ²

145 1465 255 1546 Neque
277 1468 354 1531 eninr
377 1475 447 1530 sunt
470 1468 615 1546 obscura,
647 1485 723 1548 quae
754 1466 865 1547 scripta
895 1471 980 1542 sunt,
1010 1463 1105 1527 Deum
1131 1465 1167 1527 ab
1191 1466 1274 1529 initio

146 1570 262 1651 lignum
279 1572 359 1633 vitae
375 1572 405 1634 in
422 1572 520 1635 medio
535 1569 664 1653 paradisi
681 1567 841 1650 plantasse,
868 1565 943 1649 'per
965 1568 1166 1650 cognitionem
1187 1569 1274 1631 vitam

146 1681 373 1754 monstrantem,
398 1674 480 1756 ²qua
504 1692 593 1755 quum
616 1675 736 1737 sincere
759 1674 806 1735 usi
825 1691 885 1734 non
905 1677 1006 1734 essent
1026 1673 1111 1754 primi
1129 1671 1274 1752 homines,

147 1777 254 1840 fraude
268 1780 417 1860 serpentis
435 1778 537 1841 nudati
555 1778 683 1841 fuerunt.
721 1777 827 1857 Neque
843 1776 920 1838 enim
936 1777 995 1838 vita
1011 1776 1076 1837 sine
1093 1777 1276 1857 cognitione,

146 1899 249 1962 neque
272 1884 405 1964 cognitio
429 1883 494 1945 sine
518 1901 591 1945 vera
615 1884 673 1946 vita
697 1888 743 1945 est
765 1888 825 1944 tuta
849 1888 880 1943 et
902 1881 994 1943 iirma.
1038 1878 1110 1942 Ideo
1138 1882 1166 1942 in
1197 1899 1275 1963 pro·

146 1987 262 2066 pinquo
284 1992 442 2068 utrumque
461 1986 621 2069 plantatum
638 1986 701 2049 tuit.
747 1981 836 2047 ³Vim
856 1985 944 2067 hujus
962 1983 1179 2065 conjunctionis
1200 2001 1275 2065 per·

146 2089 298 2169 spiciens‚
329 2091 531 2172 cognitionem
564 2099 677 2170 nutem,
707 2109 785 2173 quae
815 2091 881 2153 sine
912 2089 1038 2152 veritate
1061 2088 1215 2151 doctrinae
1237 2087 1274 2151 nd

147 2194 240 2255 vitam
257 2194 443 2273 transfertur,
466 2195 693 2276 reprebendens
709 2194 779 2256 dicit
795 2193 973 2276 Apostolus:
997 2189 1157 2274 ⁴cognitio
1173 2191 1274 2271 inflat,
1357 2199 1359 2202 ’

148 2298 280 2361 ditectio
304 2308 406 2361 nutem
429 2300 585 2378 aedificat.
632 2300 688 2374 Qui
712 2300 791 2362 enim
814 2300 879 2361 sine
903 2298 1075 2381 cognitione
1107 2315 1196 2376 vera,
1227 2297 1275 2359 cui

147 2403 349 2466 testimonium
382 2403 555 2484 perhibetur
588 2422 605 2466 a
640 2405 717 2482 vita,
755 2402 865 2484 aliquid
899 2421 934 2465 se
967 2403 1047 2465 scire
1080 2406 1179 2483 putat,
1213 2418 1274 2463 non

147 2508 317 2589 cognoscit,
341 2503 382 2569 ⁵a
405 2513 546 2588 serpente
570 2506 726 2589 decipitur,
749 2508 801 2588 qui
823 2507 912 2569 vitain
932 2524 992 2569 non
1015 2505 1124 2567 dilexit.
1163 2503 1203 2566 tu
1224 2505 1275 2585 qni

147 2629 216 2673 cum
240 2612 347 2673 timore
369 2612 570 2693 cognitionem
594 2619 641 2675 est
663 2611 807 2693 adeptus,
838 2617 868 2673 et
891 2612 978 2672 vitam
1001 2610 1134 2691 quaerit,
1167 2609 1197 2669 in
1219 2625 1275 2690 spe

147 2715 276 2796 plantat,
301 2712 426 2777 fructum
450 2722 637 2798 exspectans.
683 2711 773 2777 ⁶Cor
796 2722 877 2777 tuum
900 2715 953 2777 tibi
975 2715 1014 2776 sit
1038 2712 1183 2793 sapientia
1208 2719 1275 2791 tua3

147 2820 210 2880 vita
233 2824 329 2881 autem
353 2821 392 2881 sit
414 2819 538 2882 verbum
562 2839 683 2899 verum,
714 2821 793 2881 intus
816 2823 977 2898 receptum.
1021 2817 1114 2899 Hujus
1137 2817 1275 2880 arborem

149 2921 270 2999 terens,
302 2929 332 2983 et
362 2922 490 2986 fructum
524 2918 736 3006 ⁷adipiscens,
766 2940 888 3003 semper
919 2926 1031 3000 metes,
1063 2940 1141 3003 quae
1170 2921 1275 2984 nDeo

150 3025 378 3104 desiderantur-3
414 3048 490 3109 quae
520 3046 646 3110 serpens
677 3045 737 3090 non
767 3025 900 3108 attingit,
934 3031 963 3088 et
992 3025 1099 3105 quibus
1130 3024 1211 3087 fraus
1240 3041 1275 3087 se

149 3148 213 3193 non
235 3130 381 3212 applicat;
404 3125 527 3214 ⁸neque
542 3126 604 3196 Eun
628 3137 697 3195 tunc
717 3130 927 3210 corrumpitur,
950 3128 1004 3190 sed
1022 3129 1107 3212 virgo
1123 3127 1273 3205 creditur3

150 3241 182 3297 et
204 3236 284 3298 salus
307 3244 447 3318 apparet,
478 3245 508 3300 et
527 3238 666 3319 'Apostoli
690 3237 834 3318 sapientia
864 3232 1074 3315 replebuntur,
1105 3238 1134 3293 et
1157 3232 1276 3296 Domini

149 3338 262 3420 pascha
277 3338 405 3421 advenit,
422 3347 452 3403 et
468 3336 577 3405 ⁹cbori
593 3346 826 3424 congregentur,
842 3344 872 3399 et
887 3338 1031 3400 decenter
1055 3329 1080 3371 ¹⁰
1090 3335 1275 3416 ordinantur,

150 3450 182 3505 et
197 3442 328 3506 Verbum
350 3452 470 3509 sanctos
493 3445 606 3510 docens
628 3447 763 3523 laetatur,
786 3461 840 3525 per
864 3440 944 3523 quod
966 3440 1054 3503 Pater
1076 3437 1275 3521 glorificatum

150 3547 201 3609 cui
222 3547 262 3610 sit
283 3547 378 3630 gloria
401 3549 432 3612 in
453 3549 564 3612 secula.
609 3549 714 3613 Amen.

150 3752 243 3789 ranst
255 3738 407 3791 divissa-uss
420 3753 468 3790 eor
476 3746 551 3791 toust
559 3742 700 3807 perform
726 3737 800 3789 bonis
819 3743 844 3789 et
862 3736 930 3787 vitre
949 3735 974 3786 in
991 3742 1016 3785 te
1030 3732 1194 3803 plantaveris,
1213 3731 1275 3787 abs·

150 3825 253 3885 natm,
265 3821 307 3874 vei
320 3825 358 3876 sit
368 3824 460 3875 istisin
468 3826 571 3892 pectori
579 3826 699 3877 insitum.
726 3839 777 3892 que
797 3820 895 3874 delictis
913 3821 1076 3889 peccatisque
1094 3820 1217 3872 manebis.

152 3909 182 3975 t)
235 3907 281 3960 bis.
302 3906 424 3976 Stephani
443 3906 519 3959 babet
536 3910 593 3974 ρῶν,
613 3908 700 3961 Codes
762 3908 791 3972 9)
808 3907 844 3959 its
865 3906 934 3973 sptb.
959 3914 985 3959 et
1009 3905 1105 3960 lieren.
1140 3903 1186 3958 tta.
1210 3904 1276 3971 eppei

151 3994 375 4063 Argentoratensis
394 3996 477 4061 sopor,
501 3995 536 4044 its
555 4002 655 4059 tamen,
674 4002 702 4046 nt
728 4017 764 4043 =
777 3998 856 4059 cersi,
868 3990 1007 4062 qnodOtto
1019 3991 1142 4057 defendit,
1155 4005 1275 4044 monstres

151 4080 251 4148 syllaba
269 4098 296 4129 so
313 4097 327 4134 a
346 4080 458 4133 secunda
476 4095 550 4132 msnu
572 4081 604 4132 sit
622 4095 700 4148 prae-
727 4078 884 4133 Christianos
901 4080 1061 4147 potissimum
1085 4085 1201 4147 tempore
1225 4092 1276 4145 ps·

152 4168 235 4218 missn
264 4164 323 4218 Otto
339 4174 366 4217 et
377 4165 452 4219 Nube
464 4164 603 4230 conjiciunt
615 4164 701 4233 aipein,
727 4165 807 4218 soboli
826 4166 907 4218 cereis
927 4180 987 4216 usos
1006 4180 1072 4217 esse.

152 4249 258 4305 Bbbtius
274 4254 392 4320 φανερῶν,
417 4249 557 4320 Spiburgus
574 4249 701 4319 ἐκπληρῶν.
747 4253 791 4316 10)
810 4251 846 4303 Its
870 4249 1019 4320 Syiburgius
1046 4257 1073 4303 ot
1097 4246 1194 4302 bimari.
1230 4247 1277 4306 tts.

187 4337 217 4404 8)
238 4338 334 4403 Quodsi
359 4337 478 4392 arborem
504 4353 582 4391 verae
609 4340 701 4409 cogni·
727 4335 862 4406 ἁρμόζεται.
