3067 6450
134 1204 163 1260 s.
183 1203 333 1275 renum]
575 1202 832 1263 rnoursoommu.
1218 1205 1271 1262 xm

228 1366 322 1430 Alium
337 1366 514 1429 sententiam
529 1372 633 1429 tenent
644 1363 817 1428 Guilielmos
830 1364 971 1448 Llopdius
984 1363 1023 1450 1),
1034 1366 1214 1429 Pesrsonius
1225 1364 1270 1452 ²),

136 1470 248 1554 Pupius
265 1467 308 1554 ³),
331 1467 516 1554 crassost),
540 1466 722 1552 Norisios⁵)
745 1471 857 1550 etalii,
880 1490 897 1535 u
921 1470 1055 1553 losepho
1071 1468 1271 1557 Eclhelio⁶),

136 1575 182 1637 rei
206 1576 426 1638 numismsticue
457 1576 589 1656 opprime
622 1593 736 1657 gnaro,
768 1580 797 1637 et
823 1576 994 1658 nuperrime
1024 1594 1041 1639 a
1063 1575 1114 1638 Dr.
1138 1577 1270 1640 ilenrico

136 1680 274 1743 lirenclre
292 1675 322 1764 ⁷)
359 1682 531 1763 repetitum,
570 1681 771 1744 confirmatum
810 1684 841 1741 et
877 1678 1069 1742 emendatum.
1128 1684 1270 1746 Veterum

136 1786 334 1867 scriptorum,
365 1792 622 1849 monumentorum
646 1792 676 1848 et
699 1803 857 1848 numornm
881 1785 1056 1847 testimoniis
1078 1792 1195 1849 utentes
1219 1787 1270 1868 illi,

136 1891 314 1972 praesertim
330 1889 442 1953 Eckhel
467 1897 496 1952 et
510 1890 656 1970 Frenetes,
680 1890 931 1967 demonstrarunt,
957 1889 1115 1971 'trojanum
1139 1897 1271 1955 exeunte

136 2013 218 2058 enno
244 1992 305 2059 114
328 1997 357 2058 in
383 1995 483 2058 Asiom
515 2012 549 2056 se
580 1995 762 2072 contulisse,
789 1993 967 2057 Antiochiae
990 1993 1157 2084 hiemasse,
1187 1996 1270 2059 initio

137 2102 207 2163 snni
235 2100 294 2164 115
318 2101 358 2163 ibi
382 2108 481 2163 terroe
504 2105 585 2164 motu
608 2118 705 2182 paene
721 2101 869 2177 obrutum,
893 2098 1016 2161 ineunte
1031 2117 1106 2161 uere
1121 2100 1189 2162 soni
1208 2095 1269 2164 115

137 2206 167 2268 in
190 2205 317 2268 Parthos
341 2211 370 2267 et
387 2207 537 2269 Armenes
560 2224 641 2267 orme
664 2207 796 2268 movisse
819 2210 850 2266 et
873 2203 957 2266 linito
981 2204 1060 2266 bello
1087 2203 1123 2266 nd
1147 2204 1269 2267 hiberus

138 2308 324 2373 Antiochiam
347 2328 503 2373 reversum
527 2327 606 2372 esse.
638 2343 680 2355 —
710 2309 791 2371 llaec
819 2326 886 2371 cum
916 2308 1083 2371 certissime
1105 2309 1181 2388 sint,
1212 2307 1270 2371 virr'

136 2413 300 2477 doctissimi
323 2413 392 2477 inde
415 2413 605 2494 conscindunt,
628 2414 774 2499 ignatium
798 2420 930 2477 nostrum
953 2413 1004 2476 illo
1027 2414 1093 2494 ipso
1110 2432 1187 2476 enno
1207 2411 1269 2477 115

136 2538 153 2580 u
177 2518 308 2600 Trojano
330 2519 508 2582 Antiochiae
531 2519 662 2602 degente
692 2519 772 2582 circa
803 2524 919 2600 tempos
946 2518 1045 2601 megni
1068 2518 1145 2581 illius
1168 2523 1269 2581 terroe

135 2629 236 2687 motus
265 2624 435 2707 nTrujuno
466 2643 546 2688 enno
576 2626 642 2708 ejus
674 2622 756 2688 18ΙΙΙο
788 2624 954 2688 demnatum
985 2641 1072 2702 esse,
1105 2629 1135 2687 et
1164 2605 1268 2687 omnes

134 2729 193 2791 illis
210 2727 424 2808 adstipulentur
440 2736 568 2811 oportet,
584 2731 635 2811 qui
652 2730 811 2812 l'rojunum
826 2746 905 2792 sem
915 2729 950 2792 el
965 2733 1076 2792 tuntum
1092 2728 1268 2793 Antiochiae
1288 2770 1295 2776 -

135 2838 283 2897 morotum
306 2851 375 2897 esse
398 2833 589 2897 contendunt.

226 2937 430 3001 'tillemontius
445 2933 479 3022 8)
513 2956 588 3002 uero
626 2944 657 3001 et
690 2937 847 3002 Eduardus
881 2936 1026 3002 consinus
1042 2932 1076 3022 9)
1112 2940 1268 3019 duplicem
1361 2916 1369 2931 ⁸

135 3042 344 3106 Armeniacum
379 3049 408 3106 et
436 3043 598 3107 Parthicum
632 3042 852 3125 expeditionem
884 3060 901 3104 e
932 3042 1061 3125 Trojano
1097 3050 1266 3126 susceptam

135 3153 271 3210 ststoere
286 3155 316 3210 et
331 3150 427 3212 numis
443 3149 621 3212 conlirmsre
635 3147 823 3228 studuerunt,
840 3147 947 3229 quibus
960 3152 990 3209 et
1006 3167 1062 3211 nos
1074 3149 1103 3211 in
1116 3150 1265 3231 prioribus

137 3253 319 3316 editionibus
353 3255 441 3337 plene
472 3255 651 3318 accedentes
684 3255 874 3336 scripsimus:
911 3252 1071 3330 „Testidus
1099 3254 1204 3337 Dione
1236 3262 1267 3317 et

136 3356 267 3419 Zonoro
285 3358 436 3437 Optimi
456 3377 566 3421 nomen
588 3368 662 3421 tunc
681 3359 815 3437 primum
833 3357 973 3436 Trojano
994 3375 1176 3419 concessum
1188 3358 1263 3438 suit,

136 3480 207 3523 cum
235 3462 265 3525 is
287 3460 466 3525 Armeniam
495 3463 628 3542 expulso
650 3460 916 3524 Porthmiosirids
945 3461 1117 3539 ceterisque
1147 3460 1265 3540 repulis

135 3566 263 3630 omnino
284 3566 418 3630 sublatis
442 3573 637 3646 occupasset.
681 3566 828 3647 Ideoque,
852 3584 921 3630 scm
942 3565 977 3625 im
997 3566 1100 3627 muniis
1118 3564 1266 3643 pluribus

134 3671 251 3733 nonme
277 3672 438 3751 percussis
463 3672 579 3751 Optimi
610 3690 722 3734 nomen
754 3670 894 3751 Trojano
927 3670 1073 3732 tributum
1104 3676 1263 3747 occurrat,

134 3776 169 3836 irs
192 3774 305 3855 quibus
327 3776 396 3855 ipss
422 3775 542 3839 Consul
567 3776 760 3853 Vsoocotur,
792 3776 933 3838 dubitari
956 3781 1039 3837 certe
1059 3774 1117 3837 cic
1136 3774 1262 3852 poterit,

133 3880 212 3960 pusio
230 3878 389 3970 Trajoncs
401 3879 581 3943 Armeniam
595 3879 753 3961 mtepertr
767 3888 840 3942 onte
856 3897 973 3942 annum
983 3879 1037 3941 112
1053 3877 1105 3953 (U.
1121 3877 1155 3940 C.
1166 3876 1262 3953 865),

169 4085 200 4155 1)
219 4085 269 4139 Cir.
281 4088 376 4153 crass,
386 4084 508 4154 spicileg.
519 4083 547 4137 t.
559 4084 590 4138 ll.
604 4101 630 4154 p.
641 4085 684 4138 22.
745 4087 774 4148 6)
793 4090 903 4156 setta,
923 4086 1037 4139 doctrino
1048 4100 1188 4143 ¹numerum
1207 4100 1257 4138 vs·

168 4172 200 4241 2)
226 4170 254 4224 lii
283 4172 459 4226 dissertatione
488 4172 622 4239 posthuma
651 4173 684 4225 de
711 4181 809 4239 terum,
828 4174 855 4228 P.
879 4174 910 4228 11.
945 4172 1000 4225 Vol.
1019 4171 1060 4225 Vl.
1088 4189 1113 4241 p.
1133 4171 1185 4224 150
1203 4188 1258 4241 sqq.

132 4274 211 4322 anno,
230 4274 282 4328 quc
300 4258 326 4312 S.
339 4257 452 4327 ignotius
472 4275 487 4311 a
505 4257 613 4325 Trojano
628 4260 683 4311 An·
713 4259 822 4315 vindob.
844 4261 920 4314 1796.

132 4344 246 4396 tiochire
264 4345 296 4396 sd
313 4345 407 4397 bestius
420 4353 475 4396 erat
488 4345 683 4410 condemnatos,
744 4347 773 4411 7)
793 4350 930 4411 Μυσὴ,
958 4362 1003 4398 zur
1021 4343 1173 4397 Geschiclrte
1192 4341 1259 4396 Tru·

132 4446 209 4500 quarn
233 4430 436 4484 dissertationem
455 4430 574 4483 smithius
593 4438 620 4483 et
636 4429 682 4483 Ju·
707 4432 777 4498 jsus,
797 4431 924 4497 (iitstruw,
945 4430 1020 4483 1837.
1038 4447 1063 4498 p.
1082 4430 1133 4481 253
1145 4446 1200 4498 sqq.

132 4515 261 4568 cobsonns
278 4515 319 4583 (Τ.
339 4516 369 4571 ll.
388 4534 412 4586 p.
426 4518 477 4569 521
496 4534 551 4588 sqq.
572 4518 633 4570 edit.
646 4517 682 4588 11)
744 4519 773 4583 8)
793 4518 855 4570 llist
876 4517 922 4570 des
933 4517 1037 4586 limpor.
1055 4515 1256 4570 T.11:ttoi.17.

131 4602 158 4653 io
175 4618 235 4655 sors
253 4604 381 4657 editiones
398 4613 558 4673 receperunt.
708 4620 752 4656 sur
777 4603 876 4670 Trsjun.
918 4607 1003 4669 idem,
1033 4602 1167 4654 lldmcires
1193 4616 1258 4668 pour

167 4689 199 4759 3)
218 4693 294 4759 Papi,
314 4688 407 4744 Critica
424 4691 449 4743 in
468 4690 581 4744 Annales
600 4690 681 4743 liero-
708 4691 790 4743 servir
808 4699 857 4743 etc.
876 4690 904 4743 t.
923 4689 954 4744 ll
971 4707 997 4758 p.
1018 4691 1069 4742 195
1092 4697 1119 4741 st
1136 4687 1195 4739 Not.
1216 4685 1258 4739 10.

131 4774 182 4840 nii,
201 4774 233 4826 sd
251 4791 308 4829 unu.
329 4775 386 4829 107.
405 4794 429 4830 n.
448 4776 525 4829 3-6.
707 4795 732 4847 p.
753 4776 813 4831 583.

166 4860 198 4929 4)
219 4864 315 4927 Grais,
337 4861 458 4933 spicileg.
478 4862 506 4917 Τ.
524 4864 554 4917 ll.
574 4881 598 4933 p.
619 4863 661 4916 22.
742 4864 772 4930 9)
793 4865 914 4919 suunt
934 4862 1054 4917 Biblioth.
1073 4860 1102 4913 T.
1118 4857 1137 4909 Ι.
1156 4856 1260 4927 Proleg.

167 4946 312 5017 illimis,
340 4949 447 5018 epistole
474 4950 628 5014 consuleris,
655 4952 680 5001 in
706 4967 732 5018 p.
750 4950 854 5021 txtsq.

995 5124 1064 5188 ⁰''
1119 5133 1344 5301 fl

131 5031 193 5087 'l'.ll
208 5032 274 5104 Opp.
287 5037 408 5104 samen,
421 5035 679 5105 consumpsti.
714 5080 718 5089 .
