3067 6450
226 1184 344 1239 1.le
662 1181 918 1236 enoteuotmnn
1147 1182 1344 1252 [lanum

1004 1268 1015 1305 r

316 1345 360 1406 lte
383 1343 526 1426 martyrio
550 1342 580 1408 S.
604 1343 758 1424 Polycarpi
782 1342 933 1406 irenaeus
953 1339 981 1426 Ι)
1005 1359 1127 1424 quoque
1147 1344 1245 1407 verba
1271 1343 1346 1407 iecit:

175 1488 178 1510 .
225 1441 298 1512 'End
326 1440 409 1513 πολύ
438 1439 500 1534 yda
529 1443 699 1532 παρέμεινε
729 1445 968 1532 (Polycarpus)·
998 1444 1051 1509 καὶ
1078 1437 1164 1510 πάνυ
1193 1445 1349 1534 γηραλέος,

227 1542 364 1628 ἐνδόξως
385 1550 439 1616 καὶ
462 1547 700 1639 ἐπιφανέστατα
722 1542 942 1637 μαρτυρήσας,
965 1548 1083 1636 ἐξῆλθε
1105 1559 1164 1616 τοῦ
1184 1549 1272 1633 βίου.

198 1708 203 1725 ,
315 1659 455 1724 Simililer
477 1659 674 1741 Hieronymus
691 1655 741 1741 ²):
765 1657 880 1720 Postea
901 1677 994 1734 vero,
1018 1668 1167 1740 reynunte
1191 1660 1230 1721 di.
1256 1660 1350 1723 Anta-

227 1766 303 1828 nr'no
327 1773 357 1826 et
378 1763 413 1826 L.
437 1763 568 1826 Aurelio
593 1764 771 1840 Commodo,
799 1770 915 1843 quartu
933 1773 1010 1842 poet
1031 1765 1186 1828 Neronem
1206 1785 1351 1844 persecu

228 1870 331 1945 tione,
364 1868 533 1950 Smyrnae,
564 1870 692 1930 sedente
714 1867 923 1945 Proconsule,
956 1876 987 1930 et
1008 1870 1156 1932 universo
1178 1873 1304 1950 populo
1326 1873 1351 1932 in

228 1974 453 2054 amphitheatro
477 1973 631 2036 aduersus
653 1992 721 2035 eum
741 1983 944 2051 personante,
968 1975 1034 2053 iqui
1057 1975 1193 2039 truditur
1216 1984 1273 2038 est.

316 2079 362 2141 Vl.
408 2078 510 2140 Totam
542 2078 692 2141 ecelesiae
722 2077 913 2160 Smyrnensis
943 2079 1099 2158 epistolam
1129 2098 1239 2160 nemu,
1273 2101 1351 2163 quen

227 2184 372 2247 selamin
397 2183 676 2259 dubiumrocavit5
709 2183 825 2264 ipsique
854 2183 950 2244 critici
979 2184 1151 2266 rigidissimi
1183 2185 1304 2250 laudem
1331 2190 1352 2252 ei

156 2320 166 2327 ·
229 2292 397 2354 tribuerunt
412 2287 454 2373 ³).
500 2289 557 2367 lis,
589 2308 665 2369 quae
687 2308 779 2371 supra
802 2287 872 2373 (Nr.
896 2286 936 2369 1.)
961 2307 1001 2350 ex
1023 2288 1142 2352 Valesio
1170 2293 1352 2371 protulimus,

228 2414 263 2459 ea
287 2394 441 2472 addemus,
467 2412 544 2474 quae
567 2393 781 2456 illustrissimus
797 2395 969 2477 Scaligerus
993 2395 1023 2457 in
1039 2393 1352 2460 Animadversionibus

228 2502 292 2563 suis
315 2499 491 2561 Eusebianis
515 2496 562 2581 (p.
589 2497 672 2582 121)
695 2499 802 2562 effatus
826 2505 880 2563 est.
925 2498 1013 2560 Haec
1034 2507 1118 2576 sunt,
1142 2502 1249 2583 inquit,
1273 2512 1352 2566 aetn-

171 2612 174 2625 '
227 2605 370 2666 stirrima
386 2603 443 2664 itta
459 2603 611 2664 ecelesiae
626 2607 789 2686 martyria,
807 2623 938 2685 quorum
953 2606 1086 2669 lectione
1096 2608 1223 2685 piorum
1237 2611 1353 2671 unimur

229 2710 276 2771 ita
300 2707 451 2788 afficitur,
475 2716 511 2770 ut
531 2727 698 2789 numqaum
719 2717 809 2771 autur
832 2711 906 2771 inde
925 2711 1033 2774 redeat
1040 2731 1051 2784 ,·
1074 2713 1159 2791 quod
1174 2715 1302 2793 quidem
1317 2716 1354 2776 ita

230 2833 309 2889 esse,
333 2813 546 2893 unusquisque
566 2833 626 2893 pro
651 2823 744 2895 captu
767 2835 826 2878 suo
849 2826 879 2880 et
900 2819 1113 2881 eonscientiae
1135 2821 1229 2882 modo
1245 2822 1354 2883 rentur

225 2928 337 2999 potest.
377 2919 465 2981 Certe
488 2940 544 2999 eqo
567 2922 647 2982 uruit
669 2942 806 3004 unquam
828 2925 862 2985 in
883 2923 1021 2985 historie
1043 2922 1264 2987 ecclesiastiea
1283 2926 1353 3001 eidi,

229 3041 250 3084 a
273 3024 363 3101 eujus
387 3023 518 3086 lectione
546 3029 728 3090 commotior
757 3029 921 3105 recedam,
952 3036 988 3091 ut
1015 3047 1078 3091 non
1107 3029 1246 3108 amplius
1277 3048 1354 3093 meur

230 3147 299 3189 esse
322 3128 441 3190 ridear.

318 3232 437 3296 Nostris
469 3236 653 3315 temporibus
684 3239 860 3318 praesertim
887 3238 1065 3302 Muellerus
1096 3240 1241 3321 epistolae
1274 3241 1353 3325 nujus

230 3356 349 3402 eausam
374 3341 435 3421 egit
451 3336 493 3424 ⁴).

317 3443 481 3507 Nonnulias
504 3445 642 3524 lacinias,
673 3445 849 3528 praesertim
880 3444 1007 3508 subulam
1036 3445 1074 3509 de
1097 3446 1236 3509 columba
1259 3467 1287 3510 e.
1312 3446 1355 3525 16,

231 3550 376 3630 epistolae
398 3558 521 3613 nostrae
540 3571 555 3613 a
573 3553 790 3632 posterioribus
806 3549 919 3612 additas
935 3568 1013 3628 esse,
1037 3551 1259 3615 contenderunt
1276 3553 1355 3616 llan-

230 3672 356 3716 mannus
373 3651 404 3736 ⁵)
428 3661 458 3715 et
480 3654 545 3730 alii3
574 3673 633 3716 nun
657 3655 755 3737 plane,
778 3661 811 3716 ut
834 3655 961 3731 videtur,
985 3656 1104 3737 injuste.

316 3756 461 3837 Equidem
491 3757 618 3819 ultimam
649 3760 752 3838 capitis
784 3758 826 3820 22
858 3759 1045 3838 particulam,
1078 3778 1156 3841 quae
1187 3760 1227 3822 de
1257 3762 1355 3825 Pionia

229 3859 377 3939 loquitur,
404 3861 534 3940 spuriam
558 3878 670 3922 censeo
694 3867 724 3923 et
746 3864 782 3923 ab
808 3862 858 3924 illu
882 3863 1065 3941 coniectum,
1098 3865 1148 3944 qui
1171 3867 1356 3948 supposititia

229 3963 285 4025 ista
310 3963 339 4026 S.
359 3963 512 4044 Polycarpi
536 3970 611 4041 aeta,
635 3982 760 4044 quorum
784 3983 885 4046 supra,
909 3986 936 4048 p.
953 3967 1105 4030 LXXXlll.
1128 3969 1195 4032 Not.
1215 3968 1246 4048 3,
1272 3989 1356 4032 men·

230 4067 340 4128 tionem
371 4065 514 4145 fecimus,
548 4086 687 4148 quaeque
710 4069 813 4132 Pinnio
845 4069 920 4132 false
950 4072 1174 4151 adscribuntur,
1207 4076 1358 4155 genuinae

230 4168 464 4250 Smyrnaeorum
480 4171 625 4252 epistulae
641 4172 715 4234 mala
733 4171 838 4235 lraude
854 4173 996 4256 adjunxit.
1031 4176 1138 4240 Verbis
1153 4178 1233 4240 enim
1247 4171 1358 4252 καθώς

230 4264 363 4356 δηλώσω
394 4269 426 4337 ἐν
456 4274 503 4355 τῷ
534 4269 676 4357 καθεξῆς
705 4276 965 4341 Pseudo-Pionius
997 4280 1124 4360 indicat,
1158 4284 1357 4363 sequentibus

230 4374 268 4461 (i.
293 4398 319 4440 e.
343 4380 425 4442 Actis
449 4381 558 4462 spuriis
583 4378 727 4462 adjectis)
750 4400 785 4444 se
809 4382 1027 4446 declaraturum
1049 4403 1135 4466 esse,
1154 4405 1241 4467 ,quae
1263 4387 1356 4470 Puly-

231 4497 338 4562 carpus
361 4502 416 4565 per
438 4483 652 4546 revelationem
676 4484 734 4564 ipsi
756 4487 999 4550 manifestaverit.

265 4666 293 4732 ι)
312 4666 376 4719 nav,
389 4668 464 4722 aser.
478 4668 521 4735 ιιι,
534 4670 559 4722 a.
588 4670 663 4738 spur
678 4675 777 4730 nasu.
807 4678 910 4730 narra.
929 4675 993 4729 ιιιιι.
1014 4652 1059 4747 μ’
1071 4678 1112 4731 οι.
1132 4679 1231 4735 naue..
1256 4680 1285 4733 ι.
1306 4678 1355 4734 ιιι

228 4751 439 4819 linamenti,
462 4756 501 4807 14.
807 4778 831 4829 p.
852 4761 894 4813 51.

264 4840 641 4901 murmurmurmur.
842 4849 870 4911 d)
890 4848 1018 4920 Patrulog.
1045 4851 1073 4905 T.
1098 4853 1116 4905 l.
1146 4870 1171 4921 p.
1198 4855 1259 4908 110.
1305 4855 1353 4908 cn.

264 4925 293 4990 3)
314 4926 378 4978 Vide
396 4931 551 4995 Titianum,
575 4930 710 4985 lldmuirer
728 4942 778 4985 etc.
805 4936 935 5002 dicunctur,
955 4936 1015 4990 du.
1036 4938 1064 4993 T.
1083 4940 1102 4992 1.
1123 4941 1146 4992 1.
1167 4958 1193 5009 p.
1215 4942 1265 4993 186
1283 4958 1338 5012 sqq.

229 5010 300 5064 Τ.11.
314 5029 339 5081 ρ.
352 5013 401 5066 311
416 5031 471 5086 sqq.
491 5017 531 5069 ed.
546 5017 653 5071 Veneta.
674 5018 741 5071 17³2
754 5028 781 5073 et
839 5019 868 5086 5)
888 5022 951 5075 vide
960 5023 1019 5077 lint.
1029 5026 1045 5076 1
1057 5026 1089 5079 ad
1103 5043 1126 5080 e.
1139 5026 1171 5078 16
1183 5026 1250 5082 inire
1261 5044 1286 5098 p.
1296 5028 1352 5082 28&
