3067 6450
233 1193 299 1258 432
444 1187 582 1242 uadunt:
601 1185 735 1242 PASTOR.
772 1186 870 1241 LIBER
888 1187 929 1241 [ΙΙ.
967 1187 1091 1243 stultu.
1112 1191 1153 1243 [X.

234 1368 325 1435 crgo,
349 1349 486 1431 domine,
518 1367 623 1414 omnes
646 1350 704 1413 hae
726 1349 852 1412 arbores
874 1349 985 1414 habent
1007 1351 1128 1432 quidem
1154 1349 1287 1427 fructus,
1305 1348 1349 1412 sed

234 1476 334 1520 earurn
369 1454 514 1537 quaedam
548 1453 764 1538 pulcriores?“
812 1453 963 1533 ᾖΑιιιΙί,ιι
1001 1457 1114 1537 inquit:
1155 1458 1351 1537 „quicumque

232 1569 357 1643 propter
372 1578 481 1623 nomen
498 1560 616 1624 Domini
632 1561 711 1642 passi
726 1565 804 1639 sunt,
827 1560 966 1623 honorati
988 1561 1066 1641 apud
1082 1561 1180 1625 Deum
1201 1562 1352 1638 habentur3

233 1673 263 1729 et
286 1667 414 1730 omnium
439 1684 543 1730 eorum
566 1664 663 1729 deleta
686 1670 754 1729 sunt
777 1664 902 1743 delicta,
927 1667 995 1747 quia
1016 1672 1144 1747 propter
1166 1684 1279 1730 nomen
1300 1667 1353 1731 Filii

232 1771 288 1834 Dei
323 1778 449 1834 mortem
478 1772 625 1834 obierunt.
679 1771 779 1845 Quare
813 1777 911 1834 autem
943 1770 1057 1834 tructus
1091 1791 1197 1834 earum
1230 1772 1353 1854 dispares

232 1875 308 1955 sint,
339 1883 368 1938 et
396 1875 545 1939 excellant
576 1874 693 1956 quidam
717 1876 795 1938 inter
824 1874 908 1953 illos,
939 1875 1025 1939 audi:
1056 1877 1242 1958 quicumque
1276 1879 1352 1955 enirn,

231 1981 368 2064 perducti
399 1980 435 2043 ad
465 1986 645 2063 potestates,
676 1980 854 2064 interrogati
885 1998 945 2043 non
976 1988 1167 2063 negaverunt
1195 1981 1352 2060 Dominum,

232 2086 287 2149 sed
310 2091 446 2169 prompto
470 2086 568 2148 animo
592 2085 672 2166 passi
695 2090 779 2164 sunt,
809 2084 1018 2148 honoratiores
1048 2091 1119 2149 sunt
1145 2086 1227 2168 apud
1252 2088 1351 2163 Deun3

232 2193 283 2272 qui
307 2191 458 2254 excellunt
480 2191 570 2272 igitur
593 2189 724 2269 fructus,
757 2206 861 2251 eorum
891 2194 968 2251 sunt
1014 2190 1071 2264 Oui
1101 2209 1180 2253 vero
1211 2191 1301 2253 timidi
1327 2199 1352 2253 et

222 2295 313 2359 dubii
336 2297 466 2374 fuerunt,
490 2301 519 2357 et
535 2295 775 2358 deliberaverunt
791 2295 820 2357 in
837 2291 929 2356 corde
945 2311 1011 2372 sno,
1033 2303 1175 2358 utrumne
1197 2295 1351 2359 faterentur

233 2421 270 2465 an
301 2407 465 2485 negarent,
497 2407 528 2462 et
556 2400 638 2482 passi
665 2406 751 2474 sunt;
783 2398 889 2462 horum
922 2397 1037 2462 fructus
1071 2401 1254 2484 exiguiores
1284 2408 1349 2479 sunt,

232 2509 370 2589 quoniam
393 2506 470 2571 haee
491 2505 632 2589 cogitatio
656 2503 789 2567 ascendit
810 2505 840 2566 in
864 2503 956 2566 corda
979 2522 1100 2582 eorum;
1125 2505 1204 2568 mata
1229 2506 1304 2571 enim
1320 2524 1350 2568 ac

231 2630 359 2692 nequam
382 2619 429 2674 est
452 2609 621 2693 hujusmodi
643 2609 795 2691 cogitatio,
818 2608 941 2691 perinde
957 2610 1032 2672 acsi
1049 2610 1116 2692 quis
1139 2627 1254 2674 servus
1270 2618 1348 2694 neget

230 2706 396 2778 Dominum.
442 2714 554 2777 Cavete
570 2714 658 2796 igitur
675 2732 740 2793 vos,
762 2714 813 2794 qui
828 2712 995 2795 hujusmodi
1012 2714 1217 2797 cogitationes
1235 2715 1348 2794 habetis,

230 2836 269 2881 ne
298 2824 472 2901 permaneat
503 2816 578 2879 haec
607 2834 691 2878 mens
723 2818 751 2879 in
782 2818 886 2897 vobis,
919 2824 948 2881 et
978 2818 1042 2882 [teo
1073 2818 1254 2883 moriamini.
1297 2821 1348 2883 t'os

230 2924 332 3007 igitur,
356 2924 534 3004 quicumque
556 2928 681 3005 propter
702 2921 761 2985 hoc
784 2940 892 2985 nornen
915 2930 1041 2986 mortem
1066 2923 1176 3003 obitis,
1200 2925 1348 2988 Dominum

230 3027 381 3092 honorare
404 3027 537 3105 debetis;
570 3026 649 3109 quod
673 3025 782 3110 dignos
806 3044 861 3089 vos
884 3026 973 3089 habet
995 3028 1159 3107 Dominus,
1193 3035 1227 3092 ut
1250 3048 1347 3094 nomen

231 3133 298 3215 ejus
321 3134 433 3212 seratis,
456 3140 486 3195 et
509 3133 606 3195 omnia
629 3140 753 3214 peccata
784 3137 884 3194 vestra
910 3132 1099 3194 redimantur.
1146 3133 1259 3197 Nonne
1282 3152 1346 3216 ergo

230 3258 286 3303 vos
309 3240 407 3322 potius
430 3236 534 3302 felices
558 3233 758 3303 existimatis?
804 3239 906 3301 Putate
929 3240 1036 3320 potius,
1064 3239 1088 3302 si
1113 3240 1181 3319 quis
1207 3259 1248 3302 ex
1270 3242 1346 3304 vobis

229 3344 356 3425 patitur,
380 3361 518 3425 magnum
542 3360 617 3424 opus
640 3343 795 3426 perticere.
838 3342 934 3404 Vitem
961 3344 1150 3407 enimvobis
1174 3344 1269 3408 donat
1289 3345 1347 3407 De·

229 3448 341 3525 minus,
372 3464 430 3509 nec
452 3446 624 3530 intelligitis.
669 3447 783 3511 Delicta
807 3448 884 3510 enirn
908 3454 1009 3511 vestra
1031 3467 1086 3512 vos
1111 3451 1280 3532 gravabant
1288 3472 1296 3528 ;
1322 3456 1348 3511 et
1375 3529 1378 3537 Ι

228 3552 285 3615 nisi
309 3551 389 3633 passi
412 3554 520 3616 essetis
548 3551 638 3634 hujus
668 3552 796 3615 nominis
827 3569 933 3632 causa,
964 3561 1087 3636 propter
1115 3562 1245 3634 peccata
1276 3559 1347 3616 certe

228 3661 329 3719 vestra
352 3656 461 3720 mortui
484 3657 574 3718 eratis
598 3655 673 3718 Deo.
717 3655 800 3717 Haeo
829 3656 919 3738 igitur
945 3657 1031 3720 vobis
1056 3656 1142 3737 dico,
1174 3660 1347 3739 quicumque

228 3758 398 3823 deliberatis
434 3759 473 3821 de
506 3759 700 3823 consessione
733 3764 784 3821 aut
817 3757 854 3820 de
890 3760 1098 3843 abnegatione.
1149 3761 1347 3827 Confiteanrini

198 3915 204 3930 .
226 3861 318 3946 igitur
339 3880 395 3926 vos
417 3862 530 3924 habere
553 3862 709 3927 Dominum
733 3864 839 3942 Deum,
866 3881 905 3925 ne
929 3864 1006 3928 torte
1028 3872 1176 3947 negantes
1201 3867 1348 3931 tradamini

226 3963 258 4028 in
280 3965 408 4029 vincula.
455 3964 486 4031 st
508 3983 613 4029 omnes
637 3969 715 4031 enim
738 3974 847 4050 gentes
876 3984 985 4031 servos
1014 3986 1088 4032 suos
1110 3972 1257 4052 puniunt,
1287 3970 1347 4052 qni·

165 4099 174 4110 ·
226 4083 355 4149 eumque
378 4069 527 4154 dominum
550 4088 636 4134 suum
659 4081 862 4154 negaverunt,
890 4073 960 4155 quid
983 4077 1090 4155 putatis
1114 4093 1173 4139 vos
1199 4075 1346 4139 Dominum

225 4173 315 4238 vohis
336 4173 566 4258 facturumqni
589 4178 799 4241 universorum
823 4177 912 4240 habet
938 4178 1144 4258 potestatem?
1189 4179 1346 4244 Removete

225 4277 317 4364 igitur
339 4276 377 4342 de
399 4282 583 4361 praecordiis
606 4285 716 4348 vestris
738 4283 793 4347 has
817 4283 1041 4365 disputationes,
1063 4289 1095 4346 ut
1118 4284 1149 4346 in
1174 4295 1346 4369 perpetuum

225 4383 332 4452 vivatis
354 4382 449 4446 Deo.“

311 4485 416 4553 xxix.
451 4488 515 4568 ,De
531 4488 707 4557 duodecimo
724 4511 799 4556 vero
816 4498 917 4556 monte
934 4492 1075 4555 candido:
1099 4493 1175 4556 tales
1200 4503 1281 4575 sunt,
1304 4496 1345 4577 qui

224 4594 418 4666 crediderunt
439 4592 517 4656 sicut
538 4592 665 4658 infantes
688 4598 816 4677 sinceri,
849 4596 955 4677 quibus
980 4596 1058 4660 nulla
1085 4598 1195 4662 matitia
1220 4599 1346 4665 ascendit

148 4703 151 4710 '
223 4701 417 4782 in·sensum,
441 4715 499 4762 nec
521 4697 682 4778 sciverunt,
706 4702 775 4781 quid
800 4702 837 4765 sit
859 4701 982 4780 malitia,
1008 4702 1063 4765 sed
1086 4719 1210 4786 semper
1233 4708 1264 4769 in
1287 4706 1344 4768 sin-

222 4808 348 4882 aeritatc
374 4809 555 4869 manserunt.
601 4802 775 4885 Hujusmodi
805 4824 880 4888 ergo
911 4806 1046 4869 homines
1078 4807 1144 4869 sine
1173 4809 1235 4872 ulla
1264 4810 1345 4874 dnbi-

222 4909 336 4983 tatione
367 4905 571 4978 inhabitabunt
604 4925 731 4990 regnum
760 4909 835 4989 Dei,
870 4912 1008 4992 quoniam
1041 4912 1071 4974 in
1104 4912 1187 4976 nullo
1225 4914 1344 4999 negotio

221 5015 359 5089 mandata
381 5008 440 5081 Dei
461 5011 698 5094 maculaverunt,
730 5013 786 5077 sed
815 5032 882 5077 oum
911 5015 1084 5079 sinceritate
1116 5023 1344 5097 permanserunt

271 5193 514 5301 A
