3067 6450
448 1206 468 1259 Ι.
487 1203 670 1259 clsstllslttts
690 1207 734 1259 llll
754 1205 828 1261 con.
847 1206 889 1258 ll’.
910 1207 940 1260 V.
1215 1208 1256 1273 59

130 1364 219 1427 Deus
242 1364 287 1427 nd
310 1364 405 1427 Cain:
427 1383 524 1446 quare
547 1367 647 1428 tristis
667 1364 774 1443 suetus
797 1386 847 1444 es,
870 1375 899 1429 et
921 1386 1019 1448 quare
1035 1368 1172 1429 concidit
1187 1367 1256 1428 cut-

132 1476 183 1529 tus
208 1470 305 1530 tuus?
355 1467 493 1547 'Nomre,
516 1471 547 1533 si
569 1479 651 1532 recte
674 1468 802 1550 offerus,
827 1491 887 1535 nou
905 1481 1006 1533 autem
1021 1480 1103 1535 recte
1119 1472 1255 1548 dividas,

129 1574 300 1651 peccasti?
345 1572 487 1650 Quiesce,
512 1572 577 1637 ’od
598 1583 626 1635 te
649 1578 818 1638 revertitur
842 1578 959 1638 don-um
984 1584 1078 1651 tuurrr,
1105 1573 1163 1636 ³et
1186 1583 1256 1636 tuae

133 1679 244 1740 iterum
266 1679 326 1739 erit
344 1679 520 1756 potestatis.
566 1679 607 1739 Et
629 1679 714 1741 dixit
739 1680 818 1742 Cain
844 1682 886 1744 od
910 1680 987 1741 Adel
1007 1678 1135 1757 fratrem
1152 1699 1257 1741 suurn:

133 1789 330 1844 transcamus
352 1784 385 1844 in
407 1801 556 1861 campum.
594 1783 634 1845 Et
646 1781 766 1860 [actium
789 1794 845 1861 est,
870 1786 940 1846 dum
964 1791 1067 1843 essent
1084 1785 1114 1842 in
1135 1803 1255 1861 cornpo,

133 1887 276 1948 surrexit
300 1886 379 1949 Caio
401 1906 497 1966 super
520 1886 599 1948 Atel
618 1887 750 1965 fratrem
772 1910 871 1964 suuni,
897 1898 925 1949 et
941 1889 1059 1949 occidit
1081 1906 1156 1949 cunr.
1203 1888 1257 1948 vi-

135 1990 221 2071 detis,
245 1990 363 2068 iratres,
386 1997 510 2073 propter
531 1991 627 2054 zelum
652 1998 681 2053 el
703 1993 841 2055 insidiam
866 1990 1057 2054 fratricidium
1085 1987 1257 2052 ⁴cononis-

134 2113 207 2157 som.
254 2093 414 2178 ⁵l’ropler
441 2095 538 2157 zelum
569 2104 654 2177 poter
687 2104 792 2158 noster
813 2096 909 2158 Jacob
941 2114 958 2157 a
989 2096 1066 2157 lucie
1091 2094 1188 2156 [rolris
1211 2096 1257 2157 sui

134 2200 212 2263 Esau
236 2199 359 2283 oningil.
397 2195 509 2262 ⁶Zelus
532 2200 640 2280 ellccit,
662 2208 694 2264 ul
715 2201 830 2283 loseph
854 2202 889 2263 od
915 2208 1039 2264 mortem
1062 2218 1157 2280 usquc
1180 2219 1257 2262 exo-

134 2306 297 2385 giloretur,
326 2311 356 2366 el
386 2321 482 2385 usquc
513 2304 548 2367 ad
579 2307 751 2368 servitutem
787 2306 953 2369 accederet.
1002 2299 1118 2366 'Zelus
1143 2305 1256 2366 lloscm

134 2427 150 2468 o
174 2408 254 2469 lactc
276 2408 438 2471 Pharaonis
461 2411 543 2493 regis
566 2409 695 2491 Aegypti
719 2410 827 2492 iugero
850 2411 1009 2490 compulit,
1038 2428 1104 2472 cum
1128 2408 1257 2489 populo·

136 2530 196 2572 rem
220 2530 308 2575 suum
332 2514 478 2575 dicentem
502 2514 632 2575 audiret:
666 2515 736 2594 quis
765 2525 794 2576 te
827 2515 990 2576 constituit
1020 2514 1172 2575 arbitrum
1204 2518 1258 2572 out

130 2617 271 2694 judicem
292 2619 489 2697 supernos?
534 2618 691 2698 Numquid
714 2627 746 2680 tu
770 2620 819 2679 cis
843 2637 888 2677 me
912 2618 1074 2694 occidere,
1106 2617 1256 2696 quemod-

136 2723 259 2784 modum
286 2721 431 2783 occidisti
461 2722 529 2782 lteri
553 2721 763 2805 Aeqqptium?
808 2717 962 2803 ⁸Proptcr
992 2722 1089 2784 zelum
1114 2723 1196 2783 Aron
1227 2727 1257 2782 cl

137 2825 256 2886 llariom
289 2832 372 2888 extra
395 2831 490 2888 castro
520 2829 656 2890 stabulati
679 2835 756 2891 sunt.
803 2822 922 2887 ⁹Zelos
946 2826 1058 2888 [lothan
1090 2833 1116 2885 ol
1144 2826 1256 2887 Abiron

137 2930 221 2991 vivos
245 2927 281 2989 od
306 2928 418 2991 interos
442 2928 586 3008 detrusit,
611 2932 689 3013 quod
713 2921 779 2994 cum
803 2931 887 2993 llose
902 2931 956 2992 llei
981 2930 1089 2991 lomnlo
1112 2929 1256 2990 seditioso
1341 2998 1346 3009 Ι

138 3032 362 3095 contenderent.
416 3028 441 3069 ¹⁰
456 3034 579 3116 Propter
611 3037 708 3099 zelum
732 3035 827 3097 David
852 3053 911 3096 non
937 3041 1046 3098 tantum
1070 3033 1257 3114 alienigeno-
1356 3052 1358 3059 ·

139 3156 198 3199 rum
222 3135 361 3199 invidiam
384 3139 538 3216 sustinuit,
571 3140 625 3203 sed
662 3160 766 3225 regom
799 3142 884 3203 elium
909 3140 978 3203 Saul
1010 3143 1256 3220 persequutorem

139 3248 280 3322 expertus
303 3248 356 3304 est.

137 3536 165 3598 lt.
210 3538 281 3599 Non
304 3539 427 3600 minora
451 3540 630 3602 novissimis
653 3539 843 3619 tcnrporibus
876 3541 947 3601 inde
972 3546 1042 3602 orta
1065 3545 1139 3598 sum
1161 3535 1253 3597 inula.

464 3641 546 3705 Petri
569 3652 599 3705 et
618 3644 709 3706 Pauli
731 3647 923 3726 snortqrium.

219 3764 278 3827 Sed
303 3770 335 3826 ul
358 3773 460 3826 volero
485 3766 620 3847 exemplo
644 3768 866 3846 relinquamus,
894 3764 930 3828 od
954 3764 1106 3845 proximos
1129 3762 1253 3824 athletas

135 3871 293 3931 veniemus.
332 3868 431 3932 Seculi
447 3870 543 3931 nostri
565 3889 714 3952 generoso
731 3871 866 3952 exornplo
882 3886 1091 3952 proponamus.
1131 3868 1255 3948 Propter

134 3973 228 4036 zelum
253 3979 283 4034 et
307 3972 456 4052 invidiam,
480 3975 529 4055 qui
558 3973 575 4012 ¹¹
592 3977 736 4039 maximae
753 3982 781 4039 ol
794 3976 977 4059 justissimae
994 3974 1138 4037 ecclesiae
1160 3970 1253 4035 Ι1εο-

132 4247 202 4300 atros]
234 4272 271 4297 =
304 4249 337 4301 du
365 4249 438 4302 sollsl
468 4250 526 4303 diclr
563 4269 594 4304 sn
624 4252 675 4304 ihm
739 4255 767 4317 7)
787 4251 867 4306 Exod.
887 4253 913 4317 2,
935 4253 976 4303 ll.

132 4337 196 4389 nicln
224 4336 372 4405 verqrciten
404 4360 439 4386 =
473 4342 588 4393 desistas
619 4358 677 4394 eum
738 4340 768 4405 8)
789 4341 859 4391 ll'urn.
884 4341 922 4403 l't,
945 4339 984 4391 ll.
1006 4341 1046 4392 15,

132 4428 260 4494 persequi.
738 4427 766 4486 9)
786 4426 859 4478 Num.
881 4428 921 4489 16,
941 4425 983 4477 33.

161 4511 190 4571 4)
211 4511 248 4562 lta
270 4511 331 4576 lle,
357 4520 422 4564 testo
440 4512 601 4576 Jacobsono,
626 4530 676 4566 non
724 4514 768 4575 10)
788 4512 875 4580 lllcg.
891 4512 1029 4581 tmesqq.
1068 4512 1172 4562 Φθόνον
1191 4515 1255 4579 ἔχειν

133 4595 329 4663 νεεειρχᾰεεντο,
357 4599 424 4668 quod
450 4607 508 4666 post
531 4598 676 4652 Wottonum
704 4622 737 4650 =
766 4603 897 4667 invideri,
930 4600 1027 4666 plrrosis
1055 4601 1121 4652 bene
1149 4615 1252 4667 grnors.

134 4682 197 4735 dedit
216 4683 371 4735 Gallondlus.
707 4691 812 4738 (treme.

162 4771 190 4832 5)
211 4770 276 4822 Gen.
290 4771 335 4836 27,
347 4772 378 4822 ll
394 4788 449 4841 sqq.
481 4770 524 4823 tls.
539 4774 563 4823 in
577 4773 677 4825 ensibus
726 4775 769 4836 11)
789 4773 825 4824 llo
837 4772 1003 4824 Jacobsonus.
1026 4772 1113 4823 lunius
1123 4768 1252 4836 supplevit

135 4855 236 4924 obliquis
250 4856 400 4926 plerumque
413 4858 516 4910 exhibet
527 4859 595 4922 ζῆλος
610 4876 676 4911 nou·
706 4860 838 4927 [txntqntm
856 4860 965 4925 τηνεὶ,
990 4859 1062 4922 cnjus
1080 4855 1252 4920 conjecturam

136 4941 231 4994 troliler.
262 4948 352 4998 worn.
706 4948 788 5000 sonuli
809 4955 867 4997 sunt
886 4946 997 4996 editores
1015 4958 1110 4994 omnes.

164 5029 192 5092 6)
210 5028 275 5085 Gen.
294 5029 336 5082 37.
727 5034 773 5103 12)
792 5031 843 5084 crs.
863 5030 942 5082 Galat.
962 5030 987 5095 2,
1008 5029 1033 5080 9.
