3067 6450
291 1197 355 1264 374
488 1192 627 1245 ΗΕΒΜΑΕ
645 1189 781 1244 ristun.
818 1189 915 1243 trusit
933 1190 963 1242 11.
1000 1190 1147 1247 HANDAT.
1165 1193 1221 1249 xri.

292 1357 413 1419 tentiam
436 1361 528 1435 agent
551 1359 581 1415 et
603 1352 727 1415 credent
750 1350 850 1413 verbis
873 1353 940 1414 tuis.
982 1351 1047 1436 Ego
1068 1354 1146 1417 enirn
1169 1361 1270 1418 tecum
1295 1371 1371 1435 suna,
1391 1363 1417 1419 et

292 1478 397 1541 cogam
423 1458 488 1520 illos
512 1457 667 1521 credere.“
714 1457 750 1518 Et
774 1455 835 1517 dixi
858 1456 915 1519 illi:

296 1558 433 1648 ΙΚύριε,
464 1556 498 1624 αἱ
519 1557 643 1625 ε’νιολαὶ
667 1548 764 1624 αὗται
785 1579 841 1640 με·
871 1559 1044 1640 ¹„d0urine‚
1068 1560 1143 1625 haec
1158 1562 1299 1626 mandata
1316 1583 1416 1648 magna

290 1654 383 1750 yc'ataa
413 1663 466 1729 καὶ
496 1662 587 1730 καλαὶ
619 1662 671 1730 καὶ
709 1657 844 1728 δυναταὶ
870 1671 900 1728 et
922 1665 1075 1748 praeclara
1097 1674 1176 1748 sunt,
1201 1676 1233 1732 et
1254 1669 1417 1732 exhilarare

290 1766 382 1848 εἰσιν,
415 1768 585 1852 δυνάμεναι
610 1766 764 1858 εὐφρᾶναι
787 1762 843 1853 τήν
870 1770 1208 1853 corhomiuispossunt,
1225 1774 1277 1854 qui
1294 1775 1417 1855 potuerit

289 1871 423 1963 καρδίαν
444 1876 505 1939 τοῦ
519 1871 692 1956 διναμένοο
706 1874 843 1960 τηρῆσαι
870 1876 1022 1940 custodire
1044 1877 1181 1941 mandata
1204 1877 1292 1940 haec.
1339 1876 1416 1942 ‘Sed

288 1971 396 2055 αὐτάς.
442 1980 455 2017 ‘²
474 1976 538 2044 Oria
561 1969 650 2056 οἶδα,
677 1975 783 2066 κύριε,
814 1975 843 2042 εἰ
869 1981 983 2059 nescio,
1000 1981 1129 2061 domine,
1146 2001 1184 2045 an
1200 1984 1321 2064 possint
1337 2003 1416 2046 man·

290 2079 437 2149 δὺνανται
461 2081 496 2148 αἱ
519 2081 641 2149 εἰτολαλ
662 2074 755 2147 αὗται
776 2075 842 2149 ὑπό
870 2085 935 2149 data
952 2087 1027 2150 haec
1043 2087 1080 2149 ab
1102 2087 1223 2150 homine
1247 2088 1415 2151 custodiri.i

289 2188 417 2253 πολλῶν
427 2188 640 2277 φυλαχθῆναι,
653 2180 738 2253 διότι
748 2188 840 2275 cuiq-

289 2289 345 2381 (ιαλ
366 2288 451 2358 εἰσιν.
495 2285 677 2380 Ἐμβλέψας
693 2290 729 2357 δὲ
745 2284 842 2358 coitur

261 2454 264 2459 .
290 2391 308 2464 ὁ
322 2398 437 2472 δοῦλος
450 2404 511 2462 τοῦ
527 2396 703 2480 &cecinerat
721 2397 842 2486 πολλῆς

291 2495 463 2590 erinacius
483 2492 587 2567 εἶπεν·
609 2500 746 2589 aicardus,
769 2499 840 2589 ἀκο-

290 2599 415 2685 διαοιᾶ,
438 2599 569 2697 ῥαθομε
587 2605 639 2670 καὶ
657 2598 840 2692 ὀλιγόψυχε,

290 2702 347 2777 οὐκ
362 2702 463 2790 οἶδας,
479 2707 540 2790 ὅτι,
555 2708 609 2776 εὀἒν
623 2708 654 2776 ἐν
669 2709 721 2775 σοὶ
738 2707 841 2795 ἑαυτῷ

289 2816 412 2904 nautici,
436 2810 488 2881 ὅτι
507 2813 651 2880 δύνανται
668 2816 839 2905 φυλαχθῆ-

288 2942 356 2998 ναι,
387 2912 522 2998 εὐκόλως
552 2913 652 2995 αὐτας
679 2913 839 3008 φυλάξεις,
870 2924 918 2986 Ait
939 2923 1026 2985 mitri:
1051 2922 1148 3002 „haec
1171 2920 1310 2985 mandata
1334 2921 1412 2984 facite

287 3023 338 3091 aui
355 3018 410 3091 oda
426 3020 551 3090 εόονιαι
567 3024 699 3113 σκληραί
707 3051 718 3105 ,·
749 3023 789 3091 Εἰ
804 3024 840 3090 δὲ
867 3029 1030 3106 custodies,
1042 3033 1073 3089 et
1085 3045 1146 3090 non
1159 3034 1249 3091 erunt
1260 3027 1334 3090 dura
1340 3049 1349 3103 ;
1364 3024 1411 3089 sed

288 3126 391 3217 ἀναβῇ
412 3127 466 3194 ἐπὶ
489 3124 544 3216 νῆν
561 3127 692 3217 καρδίαν
709 3151 776 3208 σου,
800 3123 841 3195 οὐ
867 3134 892 3194 si
917 3140 1014 3195 tamen
1038 3133 1066 3194 in
1090 3151 1144 3195 cor
1167 3139 1251 3195 tuum
1271 3133 1411 3214 posueris,

287 3228 445 3301 δύνασθαι
460 3230 560 3310 αὐτας
575 3234 641 3300 ὑπο
656 3227 840 3323 ἀνθρώπων
866 3257 927 3302 οοο
950 3256 1042 3321 posse
1064 3238 1101 3300 ab
1123 3238 1246 3302 homine
1267 3237 1411 3315 custodiri,

287 3341 500 3428 φυλαχθῆναι,
518 3333 556 3403 οδ
571 3333 837 3427 φιλκλξειςαδτάς.
866 3361 926 3406 οοο
949 3342 1100 3405 custodies
1123 3360 1169 3404 ea.

286 3447 372 3509 Nunc
403 3454 501 3510 autent
532 3447 598 3510 dico
630 3448 697 3509 tibi:
732 3449 758 3509 si
779 3467 849 3526 Ιοοο
879 3446 1059 3510 custodieris
1091 3447 1167 3509 haec
1197 3445 1355 3524 mandata,
1386 3452 1411 3506 et

287 3552 440 3629 omiseris,
474 3570 534 3614 non
566 3553 626 3613 eris
655 3553 779 3631 salvus,.
805 3571 904 3633 nequo
931 3553 981 3615 titii
1008 3552 1065 3632 tui,
1095 3569 1197 3631 neque
1222 3550 1332 3615 domus
1354 3557 1409 3623 tua;

286 3657 355 3735 quia
380 3658 445 3738 ipsc
464 3658 658 3740 judicaveris,
681 3657 761 3739 quod
786 3676 846 3721 non
869 3658 985 3740 possint
1000 3656 1075 3719 hacc
1090 3655 1228 3719 mandata
1245 3655 1282 3719 ab
1299 3656 1409 3718 homine

286 3761 460 3823 custodiri.“

372 3865 419 3926 iV.
454 3866 534 3927 Haec
558 3868 626 3928 mitri
649 3868 844 3930 vehementer
859 3866 1002 3930 iracunde
1017 3866 1134 3930 locutus
1150 3872 1207 3945 est,
1233 3868 1271 3930 ita
1293 3873 1323 3929 ut
1339 3884 1406 3929 con·

285 3974 415 4030 terreret
438 3986 485 4028 rne
509 3968 604 4030 valde.
651 3971 766 4034 Vultum
791 3974 868 4036 caim
891 3990 977 4036 suum
1006 3977 1187 4051 mutaverat,
1223 3973 1265 4035 itu
1296 3980 1329 4035 ut
1357 3988 1405 4034 non

283 4079 389 4153 posset
413 4072 501 4137 homo
526 4075 674 4138 sustinere
697 4077 769 4139 irum
793 4080 868 4161 ejus.
914 4077 951 4139 Et
965 4094 1055 4157 quum
1075 4075 1202 4139 vidisset
1222 4096 1272 4141 me
1292 4085 1405 4141 contur-

284 4176 384 4239 batum
407 4183 498 4241 toturn
522 4186 553 4241 et
575 4180 747 4261 confusum,
777 4184 875 4265 coepit
903 4182 986 4261 toqui
1014 4179 1197 4244 moderatius
1233 4183 1404 4256 eutitanus,

176 4351 179 4360 1
288 4280 406 4343 dicens:
434 4285 593 4360 „stulteet
617 4287 778 4366 insensate,
802 4290 974 4351 inconstans
999 4292 1029 4347 et

286 4375 358 4448 8Οὐ
379 4384 462 4458 νοεῖς
482 4381 539 4469 νῆν
554 4379 650 4465 δόξαν
665 4392 724 4455 τοῦ
742 4392 836 4471 Θεοῦ,
864 4391 1031 4475 ³ignorans
1048 4392 1234 4474 majestatem
1247 4392 1313 4471 Dei,
1329 4407 1402 4473 quan

285 4490 358 4564 πῶς
387 4482 506 4574 μεγάλη
539 4488 606 4554 ἐστὶ
638 4493 690 4558 καὶ
722 4492 837 4582 laguna*
863 4517 988 4581 maguus
1018 4514 1167 4578 quamque
1198 4498 1342 4560 mirabitis
1366 4496 1402 4567 sit

284 4593 335 4660 καὶ
357 4587 542 4680 θαυμαστή·
566 4588 617 4660 ὅτι
638 4592 758 4663 ε”κτιοεν
780 4597 836 4666 τόν
862 4606 913 4685 qui
929 4604 1032 4668 orbern
1049 4602 1165 4664 creavit
1179 4609 1306 4685 propter
1318 4600 1400 4665 troni·

322 4769 350 4835 1)
369 4767 431 4819 ibid.
452 4785 475 4819 ο.
495 4770 536 4820 21.
557 4785 581 4836 p.
600 4769 660 4821 263.
862 4777 1009 4845 praedicnt,
1036 4793 1050 4827 a
1078 4776 1182 4827 nemine
1211 4791 1290 4842 posse
1320 4771 1399 4826 sertui

323 4856 352 4920 2)
371 4854 451 4905 Simili
477 4870 564 4906 errore
587 4855 687 4924 Trypho
711 4857 834 4928 Judaeua,
861 4865 1011 4931 suspicatur.
1041 4865 1137 4913 Cornu.

152 4925 430 5301 Ndueqtnnr
446 4958 501 4993 cum
512 4941 610 4994 Juatr'no
621 4942 740 5012 iiartyre,
756 4963 834 5015 prae·
896 4950 927 5018 3)
947 4949 984 5001 Ex
1003 4954 1093 5005 doctr.
1112 4954 1148 5004 ad
1165 4952 1290 5008 Antioct.
1309 4951 1325 5004 Ι.
1343 4966 1362 5002 c

286 5035 359 5093 cepta
378 5027 551 5098 Euangeliou,
569 5045 635 5099 quac
653 5031 792 5087 admiratur
810 5044 836 5088 ct
