3067 6450
271 1191 290 1244 b
711 1188 957 1243 eaoteoouenn
1204 1190 1402 1263 [ssrtstom

270 1353 309 1415 de
332 1353 491 1430 militibus,
515 1369 595 1431 quos
610 1350 796 1430 Leopartlos
818 1359 921 1429 ooeot,
945 1354 1074 1416 scribit:
1096 1342 1130 1416 οἳ
1148 1349 1201 1417 καὶ
1217 1344 1401 1439 ebenyerob

269 1477 355 1538 μενοι
378 1451 503 1541 χείρους
523 1452 671 1539 γίνονται,
694 1455 826 1532 scilicet,
855 1475 916 1536 quo
939 1458 1012 1537 plus
1033 1461 1187 1538 pecuniae
1211 1479 1232 1521 o
1254 1461 1402 1540 fidelibus

271 1564 450 1641 acciperent
462 1581 522 1641 pro
541 1561 740 1623 relaxatione
759 1561 951 1639 ornationis,
975 1582 1012 1626 eo
1036 1566 1144 1627 aerius
1166 1584 1209 1626 eo:
1231 1566 1402 1630 interuallo

271 1667 302 1728 8.
321 1666 488 1748 Martyrem
501 1666 672 1742 vexabant,
688 1685 750 1746 quo
765 1667 914 1743 majorem
928 1669 1083 1745 pecuniae
1094 1670 1155 1730 cim
1166 1677 1402 1751 extorquerent,

272 1780 302 1832 et
319 1771 519 1834 Christianos
536 1771 697 1850 copiosius
714 1779 921 1850 emunperent.
967 1771 1072 1846 Quare
1087 1792 1155 1834 cum
1173 1774 1265 1837 toties
1280 1775 1403 1855 lqnatio

272 1878 467 1956 continqeret
488 1876 689 1956 resriqerotio
713 1885 743 1936 ct
765 1873 805 1935 ab
829 1874 991 1956 iniquitate
1012 1879 1141 1940 militurn
1155 1879 1341 1959 redemptio,
1365 1889 1402 1958 et,

271 1991 306 2044 ut
328 1982 466 2062 loquitur
492 1982 720 2057 Tertullianus,
752 1981 915 2061 „facultas
943 1981 1063 2043 liberae
1086 1982 1287 2060 custodiae,“
1306 1987 1404 2065 facile

269 2089 373 2164 potuit
395 2087 481 2164 illos,
506 2106 585 2166 quos
608 2086 766 2162 babemus,
790 2086 940 2164 epistolas
956 2107 1104 2164 exorare,
1128 2107 1259 2166 quarum
1274 2090 1404 2170 aliquae

271 2210 336 2255 non
351 2194 479 2253 rnulturn
496 2193 649 2272 lonpiore,
667 2211 759 2270 quam
775 2192 869 2253 unius
884 2193 983 2254 borae
994 2192 1099 2271 spatio
1111 2193 1208 2255 scribi
1220 2202 1403 2272 potuerunt,

271 2315 369 2376 neque
391 2315 432 2357 en
455 2296 519 2357 illis
542 2296 610 2356 ulla
633 2303 695 2356 tam
715 2296 849 2373 prolixa
867 2305 922 2373 est,
947 2305 980 2360 ut
993 2299 1102 2376 plures
1119 2317 1211 2378 quarn
1227 2306 1292 2361 tres
1306 2300 1405 2364 boras

269 2401 417 2480 postulet.
464 2400 524 2462 Cir.
552 2399 698 2477 Ublbnrn,
723 2401 741 2463 l.
766 2419 791 2461 c.
815 2420 843 2482 p.
867 2400 927 2464 271
954 2419 998 2481 sq.

362 2504 392 2588 l)
416 2504 626 2585 Exceptiones,
643 2522 719 2584 qliae
735 2504 881 2567 adversus
897 2505 1059 2568 Romanum
1076 2506 1179 2589 lgnetii
1196 2507 1252 2569 iter
1268 2507 1405 2571 itineris·

275 2629 335 2691 quo
359 2613 503 2673 rationem
527 2617 596 2672 sunt
619 2610 768 2691 prolatae,
800 2611 869 2671 mibi
893 2610 992 2672 sutiles
1016 2613 1161 2674 videntur.
1207 2611 1405 2676 Doctissimse

274 2715 380 2777 Telelii
406 2716 444 2779 de
466 2717 514 2778 via
531 2716 642 2799 ignotis
667 2714 892 2777 dissertationes
915 2734 1023 2778 novom
1047 2717 1116 2778 huic
1137 2717 1180 2777 rei
1202 2716 1298 2778 lucem
1322 2724 1405 2780 attu-

273 2820 371 2882 lerunt
390 2819 427 2906 ¹),
451 2841 526 2903 ques
543 2823 592 2903 qni
610 2821 783 2903 perlegerit,
807 2827 916 2884 tuntum
933 2821 1027 2897 obest,
1051 2827 1083 2883 ut
1099 2823 1184 2898 uiam,
1209 2839 1266 2901 qun
1283 2830 1405 2885 sanctus

273 2924 386 3007 blertyr
422 2926 527 2989 ductus
562 2943 631 2987 esse
663 2933 818 3001 narratur,
854 2931 1050 2986 monstrosam
1081 2932 1186 3005 putero
1220 2928 1339 3006 possis,
1375 2933 1406 2989 ut

274 3030 356 3091 clare
380 3033 549 3111 perspiciet,
574 3030 652 3091 illurn
676 3049 736 3092 non
763 3031 818 3090 nisi
843 3031 958 3113 vulgari
981 3029 1181 3092 Rornanorum
1205 3031 1251 3091 vio
1277 3031 1404 3094 militaris

275 3151 352 3214 qnae
383 3137 544 3197 vocabatur
567 3135 708 3218 Egnatio,
740 3152 826 3196 usum
856 3152 935 3196 osse.
981 3134 1041 3196 Cir.
1074 3135 1151 3196 inira
1182 3143 1248 3196 actu
1271 3135 1405 3218 Martyrii

275 3239 304 3303 S.
328 3239 432 3323 lgnatii
456 3261 480 3303 c.
505 3239 534 3302 5.

363 3342 404 3429 g)
428 3344 576 3427 ignotius,
599 3345 722 3427 Smyrna
745 3345 885 3407 Romanis
915 3345 1068 3422 scribens,
1100 3364 1159 3408 non
1191 3344 1340 3423 absurde,
1373 3352 1405 3408 ut

275 3450 383 3514 Boario
423 3451 564 3530 videtur,
595 3454 721 3533 peregit.
776 3449 859 3511 Duae
897 3451 1079 3513 enim-vine
1117 3451 1241 3531 Smyrna
1280 3448 1403 3512 Romam

275 3556 431 3630 ducebant,
456 3555 548 3617 altera
565 3558 716 3631 niaritnnn,
740 3556 833 3618 altem
852 3557 1002 3618 terrestris
1019 3554 1085 3638 (vio
1103 3551 1254 3638 Egnatia),
1277 3561 1307 3616 ut
1324 3556 1404 3618 bene

276 3660 378 3721 docuit
401 3661 434 3721 V.
452 3660 483 3721 C.
501 3660 586 3722 Tulei
610 3657 647 3743 (l.
671 3659 726 3742 a).
771 3661 920 3721 Terrestri
943 3664 990 3721 vin
1014 3661 1154 3741 lgnntius,
1181 3659 1310 3721 sortasse
1332 3662 1404 3740 qrriu

275 3765 415 3824 militibus
439 3764 558 3844 negotia
584 3770 668 3825 erent
690 3766 718 3825 in
735 3765 853 3827 Troade
878 3772 907 3825 et
931 3765 1113 3841 Macedonia,
1140 3765 1304 3827 ducebatur
1327 3762 1404 3848 (cir.

276 3868 351 3930 Acta
375 3875 493 3948 nmrtyr.
519 3886 543 3928 c.
567 3866 632 3948 5.);
663 3870 787 3950 epistola
816 3876 930 3947 nutem,
961 3872 1027 3931 sine
1058 3869 1147 3933 dubio
1171 3872 1217 3931 via
1248 3871 1404 3951 maritime,

276 3972 345 4033 nevi
369 3971 493 4051 quedam
519 3973 682 4049 cursorio,
714 3974 742 4035 in
772 3975 875 4037 urbem
906 3977 1012 4053 missa,
1044 3982 1112 4037 ante
1135 3975 1277 4058 ignatium
1305 3976 1405 4055 ipsum

276 4076 389 4139 Romae
417 4076 560 4139 advenire
590 4083 714 4159 poteret.
759 4080 823 4142 Nee
854 4080 978 4142 dnbitnri
1009 4087 1125 4161 potest,
1160 4081 1230 4159 quin
1264 4081 1404 4142 terrestri
1449 4130 1456 4151 .

277 4199 397 4262 quoqne
418 4181 464 4242 vin
489 4181 612 4263 epistole
637 4183 695 4260 itta,
719 4184 768 4246 alii
784 4185 898 4247 cuidam
914 4185 1029 4262 tradito,
1052 4186 1137 4246 citius
1153 4184 1275 4247 Romam
1295 4186 1404 4248 venire

209 4266 214 4280 ¹
275 4288 415 4368 potuerit,
439 4305 525 4367 quum
549 4286 678 4370 ignatius
702 4289 776 4369 ipse,
799 4292 884 4353 senio
908 4289 1062 4353 coniectus
1079 4286 1122 4372 ²).

314 4426 341 4492 1)
359 4428 443 4492 l'nfel,
463 4425 495 4476 de
513 4426 554 4476 via
573 4425 673 4476 militari
691 4425 822 4478 Rornano-
850 4435 918 4480 tasse
937 4428 1004 4478 idem
1023 4428 1077 4489 vir,
1097 4428 1139 4493 qui
1159 4433 1185 4477 et
1203 4424 1257 4475 urbi
1277 4422 1404 4492 Eqnntine

277 4529 331 4565 rum
347 4512 464 4583 Egnatia,
483 4510 681 4580 quelllyricum,
701 4512 823 4564 blncedo·
851 4517 873 4565 in
892 4518 987 4583 Apulia
1011 4514 1132 4579 originem
1152 4512 1229 4563 dedit.
1267 4511 1318 4563 Clr.
1337 4512 1404 4564 inin

277 4601 318 4652 nin
338 4608 364 4649 et
382 4597 486 4650 Thracis
502 4599 682 4667 jungebantur.
721 4598 823 4651 Disser-
852 4602 995 4667 blnrtyrium
1014 4601 1040 4651 S.
1055 4600 1136 4669 ignat.
1156 4599 1207 4650 cb
1227 4606 1252 4650 et
1272 4600 1402 4667 bitteris,

277 4688 387 4738 tationes
405 4685 435 4736 tt.
468 4684 614 4754 loningen,
642 4684 735 4752 Loupp.
757 4687 823 4737 1837
851 4688 868 4739 l.
889 4705 910 4738 c.
931 4705 955 4754 p.
976 4686 1036 4737 270.

278 4782 305 4826 ct
324 4772 398 4825 ttitt.
429 4772 473 4824 Vis
492 4772 633 4841 Egnatinnn
649 4774 701 4838 jorn
721 4773 824 4825 nStrn-
873 4774 914 4855 ,Q
934 4771 1130 4839 Chrysostomus
1143 4768 1225 4837 (Oret.
1239 4772 1263 4822 in
1279 4769 1304 4821 S.
1317 4769 1402 4838 lgnst.

278 4862 346 4913 bone
365 4863 445 4927 prima
465 4859 658 4912 antechristum
673 4860 760 4912 seculo
775 4861 824 4913 de·
851 4860 879 4912 t.
892 4860 921 4911 ll.
942 4876 964 4912 c.
977 4860 1002 4912 l.
1022 4875 1046 4924 p.
1061 4858 1119 4935 598.
1139 4858 1180 4910 ed.
1201 4858 1300 4925 blontl)
1320 4858 1402 4925 addis,

279 4949 371 5013 scripta
397 4955 443 4998 ost.
482 4947 542 5011 Qun
569 4964 624 5000 enm
649 4963 696 4999 suo
721 4950 824 4998 nornine
852 4947 985 5012 Trejnnum
1016 4945 1114 5013 lgnmio
1150 4947 1266 5014 longiore
1286 4948 1403 5009 ,itineris

278 5033 445 5101 insigniverit,
459 5050 525 5086 nanc
538 5036 563 5087 in
576 5035 687 5088 obscuro
700 5043 753 5100 ων,
768 5035 824 5087 lor·
852 5035 932 5103 spatia
955 5035 1134 5101 proposuisse,
1159 5042 1187 5085 ut
1210 5042 1237 5086 at
1255 5034 1354 5086 itineris
1375 5042 1403 5086 et
