3067 6450
165 1190 194 1247 fl.
214 1186 422 1259 emmim]
601 1187 857 1245 ruossuoatenn.
1184 1193 1293 1249 mttt

254 1352 337 1427 Quae
353 1368 443 1433 quum
459 1353 497 1413 ita
513 1352 581 1428 sint,
607 1351 760 1432 epistolam
777 1352 879 1434 ipsam,
898 1370 954 1417 seu
969 1353 1066 1434 potius
1082 1353 1292 1436 fragmentum,

165 1458 248 1539 quod
271 1458 368 1520 adhuc
390 1465 530 1539 superest
553 1459 582 1520 in
613 1457 718 1519 codiee
741 1455 961 1536 Alexandrino,
992 1458 1132 1521 adeamus
1163 1466 1291 1541 oportet,
1415 1460 1418 1467 '

163 1562 400 1644 investigantes,
434 1581 504 1624 num
536 1564 653 1624 interna
684 1562 713 1624 ei
743 1562 833 1623 insint
863 1562 986 1641 indicia,
1017 1566 1126 1644 quibus
1154 1565 1291 1628 Clemens

163 1676 272 1732 noster
286 1670 352 1750 ejus
368 1675 472 1731 auctor
487 1667 607 1749 probari
624 1668 726 1748 possit.
751 1665 915 1730 Audiamus
926 1667 1098 1731 Wottonnm
1115 1666 1153 1751 ¹).
1178 1668 1292 1744 Quoad

162 1772 294 1853 stylum,
326 1773 437 1853 inquit,
468 1780 499 1833 et
520 1773 648 1834 dicendi
669 1772 843 1835 mellendum
868 1771 1019 1854 (Epistola
1043 1772 1120 1855 llde)
1143 1782 1190 1837 est
1211 1775 1291 1837 adeo

161 1877 328 1940 dissimilis
350 1896 372 1938 a
391 1878 502 1955 priore
524 1895 564 1938 nc
585 1876 783 1952 indubitata,
815 1885 849 1938 set
877 1877 987 1939 merito
1018 1877 1158 1941 debitori
1176 1881 1291 1959 possit,

162 2000 207 2043 ns
229 1982 274 2042 sit
293 2000 366 2044 nere
391 1980 565 2043 Clementis.
609 1980 721 2043 Eadem
740 1983 803 2064 jam
824 1979 957 2044 loannes
972 1981 1105 2044 llorinus
1125 1990 1290 2062 monuerat,

163 2086 267 2150 dicens
283 2085 333 2170 ²):
356 2088 443 2149 illins
465 2088 564 2169 stylus
586 2096 621 2148 nt
640 2089 759 2168 prioris
782 2105 845 2149 non
868 2096 916 2149 est
936 2087 1089 2165 simplex,
1113 2088 1170 2147 sed
1192 2106 1290 2167 arpe-

162 2193 267 2266 cutm
297 2211 360 2254 non
389 2201 502 2270 sponte
527 2190 644 2269 linens,
679 2193 736 2254 sed
763 2211 826 2272 pro
857 2192 999 2254 auctoris
1030 2199 1123 2271 coptu
1150 2192 1291 2256 studiose

162 2297 364 2370 eleboratum
393 2315 459 2360 non
485 2287 689 2382 ἅπεριόδικος
720 2306 750 2358 et
775 2315 1000 2376 nonnunquam
1022 2284 1288 2373 ἆνανιαπόδοτος,

160 2402 220 2463 ssd
254 2402 420 2465 uerborum
455 2402 621 2478 omditnm,
665 2403 835 2465 antitheses
872 2419 1040 2482 eorumque
1083 2402 1290 2464 redditionem

161 2506 328 2569 ambitiose
343 2503 477 2586 affectat.
510 2506 627 2570 Morino
643 2510 804 2569 assentitur
819 2507 989 2569 criticorum
1007 2506 1146 2586 princeps
1160 2505 1290 2569 lliclrsr·

159 2609 217 2672 dus
232 2610 333 2672 Simon
345 2607 388 2692 ³),
411 2628 499 2693 quem
516 2612 651 2693 plerique
667 2615 763 2675 secuti
779 2619 857 2674 sunt.
895 2610 1025 2673 Eandem
1042 2617 1154 2692 partem
1177 2612 1288 2676 nostris

158 2716 345 2796 temporibus
368 2716 538 2779 Woclrerus
569 2718 662 2779 tenuit
691 2718 721 2779 in
753 2718 894 2779 versione
924 2734 978 2779 sua
1005 2717 1115 2797 prioris
1143 2717 1288 2798 epistolas

159 2817 320 2882 Clementis
336 2816 377 2903 ⁴).
433 2821 619 2902 Quicumque
655 2823 817 2886 secundam
861 2822 945 2884 istam
985 2821 1138 2903 epistolam
1176 2815 1288 2884 attenta

158 2922 305 3006 legerint,
328 2942 441 3007 negare
465 2943 524 2989 non
547 2931 704 3006 poterunt,
727 2944 864 3009 magnam
886 2928 963 2989 inter
986 2927 1079 3008 ipsam
1104 2932 1134 2999 et
1156 2927 1287 3008 priorem

158 3028 228 3109 styli
249 3026 451 3091 diversitatem
474 3030 673 3094 intercedere.

247 3132 370 3195 Praeter
396 3133 546 3196 silentium
574 3136 844 3216 antiquissimorum
874 3140 988 3217 potrum
1019 3154 1054 3198 ac
1083 3135 1150 3217 styli
1181 3134 1286 3198 diver·

158 3238 275 3302 sitatem
297 3239 327 3301 id
356 3240 443 3301 etiam
473 3238 674 3321 suspicionem
703 3242 917 3323 suppositionis
947 3242 1035 3304 nobis
1062 3241 1172 3322 injicit,
1205 3239 1287 3321 quod

158 3342 277 3406 dimidie
300 3361 370 3427 pars
392 3344 497 3425 capitis
520 3343 561 3409 23
590 3348 702 3426 primae
734 3344 879 3427 epistolae
912 3345 942 3406 in
971 3344 1134 3408 secundam
1165 3361 1287 3425 quoquo

159 3454 207 3509 est
228 3455 349 3528 recepta
373 3466 399 3509 c.
425 3446 474 3510 ll.

246 3550 329 3613 Bene
351 3551 432 3613 addit
447 3549 572 3615 Grabius
586 3550 628 3635 ⁵),
652 3551 731 3614 haud
747 3550 892 3632 epistolae
914 3550 1037 3614 formam
1057 3549 1168 3612 habere
1192 3548 1286 3629 istam,

160 3675 239 3739 quae
254 3655 385 3720 secunda
402 3654 562 3718 Clementis
578 3657 615 3717 ad
632 3656 802 3719 Corinthios
819 3656 935 3734 dicitur,
955 3656 1077 3736 ipsaque
1094 3654 1286 3735 inscriptione

160 3780 228 3824 cum
250 3770 323 3826 roto
341 3762 445 3844 juncta
467 3762 497 3824 in
520 3760 707 3844 frontispicio
731 3779 847 3839 carere,
870 3759 965 3841 qualis
982 3764 1080 3821 nmen
1103 3758 1132 3820 in
1149 3758 1285 3820 omnibus

159 3864 374 3946 Apostolorum
404 3885 440 3929 ac
472 3866 602 3927 virorum
630 3866 862 3947 apostolicorum
892 3863 997 3925 litteris
1027 3861 1065 3924 ad
1091 3862 1286 3944 particulares

159 3967 304 4032 ecclesias
319 3966 405 4046 datis,
421 3968 512 4050 inquo
527 3969 590 4050 ipsa
605 3971 699 4051 prima
715 3970 886 4046 Clementis,
901 3968 990 4049 plane
1006 3972 1111 4029 exstat.
1142 3966 1286 4030 llondliae

159 4071 261 4155 potins
290 4089 377 4152 qnam
407 4073 552 4154 epistolae
581 4073 706 4137 similem
735 4081 819 4138 recte
837 4073 983 4155 judicavit
1004 4070 1204 4149 Vendelinus,
1236 4070 1287 4153 qui

159 4181 259 4239 temen
281 4177 377 4240 minus
399 4184 484 4240 recte
506 4179 563 4259 ipsi
585 4177 730 4244 Clemenli
760 4196 826 4241 eam
855 4177 1030 4257 adscripsit,
1060 4182 1091 4238 et
1121 4181 1189 4257 post
1218 4192 1286 4236 eum

159 4279 334 4343 Dodnellus
364 4280 489 4343 Dissert.
512 4281 532 4344 1.
564 4282 592 4344 in
623 4282 778 4346 lra'naeum
808 4285 837 4361 §.
861 4279 902 4346 29
919 4277 961 4364 ὅ).
1007 4279 1151 4343 Clementi
1181 4283 1285 4340 nostro

159 4384 238 4448 hanc
260 4383 416 4466 epistolam
431 4384 582 4450 vindicare
604 4386 781 4451 studuerunt
797 4385 964 4450 cotelerius
979 4378 1019 4468 7),
1041 4382 1230 4447 Constantius
1241 4375 1285 4462 Β),
1369 4445 1375 4457 ,

196 4503 225 4567 1)
244 4500 327 4555 Praei.
346 4519 372 4571 p.
390 4501 475 4555 ccvt.
736 4504 938 4557 Commentarien
966 4503 1092 4555 reraelren
1118 4517 1169 4554 rou
1196 4499 1285 4554 51..1.

196 4588 225 4651 2)
243 4587 355 4642 Exercit.
368 4587 456 4642 Bibllc.
475 4588 518 4642 tib.
531 4588 550 4644 l.
570 4606 593 4643 c.
606 4590 631 4642 5.
644 4590 669 4643 5.
684 4590 707 4643 9.
738 4592 860 4645 Wachsr.
894 4590 1000 4659 Titbing.
1020 4589 1095 4641 1830.
1114 4605 1139 4657 p.
1153 4588 1213 4640 203.
1225 4585 1284 4637 208.

162 4672 274 4727 Exarsit.
292 4675 318 4727 9.
771 4678 801 4743 5)
820 4676 939 4745 spicileg.
959 4676 987 4727 Τ.
1007 4673 1026 4726 Ι.
1046 4691 1071 4743 p.
1093 4673 1151 4726 288.

195 4760 225 4822 3)
244 4758 310 4815 siut.
328 4760 415 4818 chon.
434 4763 462 4818 T.
475 4763 494 4817 l.
513 4780 534 4818 c.
549 4763 590 4817 88.
609 4779 635 4831 p.
648 4761 708 4815 282.
771 4764 800 4828 6)
821 4766 920 4827 (treis,
940 4761 1027 4828 spicit.
1046 4761 1063 4812 l.
1083 4759 1115 4812 c.'

196 4846 225 4909 4)
245 4844 293 4900 Die
324 4848 411 4902 Briels
444 4850 491 4902 dar
520 4849 734 4918 apostoliscltsn·
770 4849 799 4910 7)
818 4849 844 4900 ln
858 4849 920 4901 edit.
935 4847 961 4900 Ρ.
974 4846 1002 4899 P.
1015 4849 1104 4913 Apost
1117 4840 1173 4895 nt.
1188 4857 1212 4909 p.
1225 4838 1283 4890 182·

160 4931 240 4986 veter
258 4931 377 4988 Clemens
396 4936 446 4990 aud
466 4936 637 5005 Polycarpns,
659 4951 709 4989 rien
770 4933 801 5004 8)
818 4933 899 5003 Epist
918 4934 992 4988 Rom.
1006 4930 1099 4985 Pontii.
1113 4927 1140 4983 Τ.
1153 4927 1172 4980 l.
1186 4944 1210 4995 p.
1223 4924 1265 4978 34.

161 5020 293 5075 obessem
317 5022 369 5076 aad
394 5024 440 5077 mit
455 5022 637 5094 Einlsitunpeu
657 5022 709 5075 und
