3067 6450
383 1196 506 1251 ronnrn
523 1194 683 1251 errsrom
701 1196 746 1250 uo
765 1194 935 1252 remmus.
953 1170 1019 1253 xrx.
1202 1204 1264 1269 reo

136 1362 279 1440 Doridis,
303 1360 412 1444 Spiritu
436 1364 533 1422 autem
557 1364 677 1434 senct03
702 1360 752 1440 qui
775 1342 946 1441 natusest,
970 1368 1000 1424 et
1021 1363 1186 1444 baptizatus
1209 1369 1265 1443 est,

140 1476 174 1530 ut
197 1468 338 1549 passione
361 1482 466 1546 aquam
489 1463 668 1545 purificaret.

427 1652 504 1718 XIX.
552 1654 627 1717 Trio
649 1655 800 1737 mpeteria
823 1655 978 1719 clamoris.

228 1781 291 1845 ¹131
323 1779 486 1864 prinoipem
523 1777 611 1862 hujus
645 1776 744 1839 mundi
779 1777 861 1838 latuit
894 1777 1004 1841 Mariae
1042 1780 1196 1864 virginitas
1234 1790 1266 1846 et

138 1895 242 1972 partus
258 1888 360 1969 ipsius,
380 1884 515 1946 similiter
530 1892 560 1944 et
576 1880 683 1944 ²mors
700 1882 835 1957 Domini3
858 1878 938 1943 ³tria
955 1887 1097 1966 mysteria
1113 1886 1263 1966 clamoris,

138 2012 218 2076 quae
239 1995 269 2054 in
292 1990 410 2053 silentio
427 1988 481 2049 Dei
505 1994 616 2067 patrata
638 1995 716 2050 sunt.
754 1986 938 2062 ⁴0u0m0u0
956 1991 1044 2072 igitur
1060 1991 1263 2054 manifestatus

138 2107 185 2162 est
210 2096 346 2160 secutis?
381 2093 471 2157 Stella
489 2093 518 2153 in
535 2093 623 2156 coelo
640 2093 730 2170 fuisit,
753 2092 915 2172 splendore
932 2091 1142 2177 ⁵exsuperans
1159 2113 1264 2159 omnes

137 2202 259 2278 stellas,
282 2207 313 2262 et
334 2199 388 2261 lux
410 2197 488 2259 iilius
511 2197 668 2260 ineffabilis
692 2203 772 2274 erat,
795 2204 824 2259 et
846 2204 1000 2278 stuporem
1024 2201 1148 2263 incussit
1171 2201 1263 2281 ipsius

138 2308 267 2371 nouitas.
313 2303 417 2366 Omnia
449 2307 546 2363 autem
578 2303 692 2383 reliqua
724 2308 821 2381 astra,
853 2321 911 2365 una
943 2321 1008 2366 cum
1040 2305 1105 2366 sote
1133 2311 1163 2366 et
1185 2306 1266 2382 iuna,

138 2411 251 2474 chorus
273 2407 359 2470 fuere
381 2406 505 2481 steliae3
528 2401 617 2488 ⁶ipsa
642 2424 716 2468 vero
740 2406 840 2470 iumen
863 2426 949 2471 suum
971 2407 1152 2471 extendebat
1172 2420 1265 2490 super

138 2515 247 2578 omnia.
294 2511 329 2574 Et
351 2510 535 2592 perturbatio
559 2518 632 2589 erat,
655 2511 735 2573 unde
751 2510 884 2592 prodiret
900 2513 1016 2574 novitus
1032 2513 1089 2575 iltis
1106 2513 1265 2577 dissimilis.

138 2621 239 2694 Quare
262 2617 358 2679 soluta
382 2621 427 2676 est
449 2614 546 2677 omnis
570 2616 684 2698 magia,
716 2622 746 2678 et
773 2633 862 2679 omne
885 2617 1033 2680 vincutum
1064 2619 1191 2682 malitiae
1221 2624 1267 2682 est

139 2723 296 2797 abolitum;
317 2721 482 2803 ignorantia
500 2718 649 2783 destructa
666 2727 721 2799 est,
737 2727 822 2783 vetus
839 2739 965 2804 regnum
986 2730 1033 2784 est
1047 2722 1266 2803 labefactatum,

137 2829 204 2890 Deo
235 2827 401 2888 humanitus
428 2820 632 2902 manifestato,
664 2826 694 2889 in
718 2827 878 2888 novitatem
902 2827 979 2888 vitae
1007 2833 1157 2890 aeternae.
1202 2827 1266 2891 lni-

139 2937 211 2997 tium
242 2949 316 2994 vero
347 2948 425 2993 nune
456 2930 577 3007 sumsit,
611 2924 718 3011 'quod
741 2932 777 2994 ab
801 2931 883 2994 initio
910 2931 988 3013 apud
1014 2931 1109 2993 Deum
1133 2914 1266 3012 peretum

139 3045 204 3101 erat
219 3032 242 3099 ⁸.
287 3033 359 3098 inde
389 3028 515 3097 ⁹omnia
538 3036 818 3114 commovebantur,
852 3036 920 3116 quia
952 3037 1002 3099 ilie
1032 3037 1135 3100 mortis
1167 3036 1266 3099 aboli-

138 3140 251 3206 tionein
274 3138 478 3203 meditabatur.

138 3393 201 3437 tum.
239 3381 375 3451 Gottingae
395 3380 472 3434 1⁷38.
490 3380 515 3432 t.
540 3409 570 3420 -
596 3379 690 3432 Locum
753 3382 782 3446 5)
801 3380 897 3433 Similia
924 3382 1042 3450 teguntur
1060 3383 1085 3433 in
1105 3381 1266 3433 Protoeven-

139 3480 253 3523 noetrurn
268 3467 611 3536 eauepicioneGnoetieiemi
626 3482 690 3519 con·
717 3467 786 3535 pelio
812 3468 903 3520 iacobi
932 3472 956 3534 §.
976 3468 1018 3520 21.
1055 3468 1153 3520 Atiudit
1179 3476 1269 3520 noster

139 3565 180 3610 tre
209 3553 329 3608 Baurium
359 3554 475 3606 tetendit
505 3558 623 3610 Utitur-n
653 3557 690 3620 (in
718 3554 749 3605 ed
775 3557 899 3606 somnium
924 3555 1029 3623 Joeepbi
1056 3558 1066 3607 1
1091 3555 1152 3606 bioe.
1173 3555 1223 3617 37,
1241 3553 1267 3605 0.

138 3647 264 3707 Niedner,
284 3640 432 3694 Zeiteebriit
450 3640 587 3695 turbineo
602 3635 690 3694 Theoi.
719 3640 770 3694 Cir.
795 3645 1027 3708 tt'iudieebmane,
1055 3642 1188 3692 Vindia-iae
1215 3638 1267 3692 Pe-

142 3730 219 3782 1851.
239 3746 264 3797 p.
283 3727 335 3779 300
353 3745 408 3797 eqq.
719 3730 799 3779 trinae
819 3746 844 3796 p.
863 3727 905 3780 98.
925 3728 984 3780 Not.

175 3819 204 3885 t)
224 3816 294 3868 Haec
312 3823 338 3867 et
356 3815 498 3884 sequentia,
518 3830 583 3882 quae
602 3814 627 3867 S.
646 3813 691 3883 ig·
754 3815 784 3884 6)
802 3810 884 3871 Αὐτός
964 3810 1075 3880 ἀνόμοιος
1097 3811 1177 3870 αὐτοῖς
1195 3814 1269 3866 deest

140 3907 225 3955 natiue
250 3901 282 3954 de
300 3902 374 3954 eteiie
393 3902 522 3971 Magorum
541 3901 651 3969 profert,
677 3918 691 3953 a
719 3903 786 3970 apud
806 3902 905 3968 Syrum.
1078 3902 1081 3908 '

142 3989 206 4055 Syro
232 3989 400 4054 abbreviata,
425 3998 452 4040 et
476 3989 510 4039 ita
535 4004 591 4039 eum
616 3997 692 4040 ente-
754 3990 784 4056 7)
803 3988 821 4040 1.
835 4004 859 4041 e.
878 3990 1008 4043 adventur
1022 3992 1126 4044 Christi
1136 3993 1166 4043 e'n
1177 3992 1268 4045 terrie.

141 4075 292 4128 cedentibus
319 4076 383 4125 Θεοῦ
414 4074 527 4143 ἰπρὸχθη
557 4073 693 4140 conjuncta
754 4071 875 4145 8J1nrpa'
909 4074 962 4141 θεῷ
992 4071 1174 4141 ἆπηρτισμιίὀν.
1223 4075 1269 4128 Hic

141 4169 215 4226 eunt,
245 4169 274 4213 nt
300 4163 334 4214 uit
362 4162 456 4214 hebeat
481 4165 528 4214 niei
556 4162 692 4214 ineuteum:
720 4163 812 4215 desinit
831 4162 1043 4228 vereioSyriece,
1061 4179 1075 4214 e
1095 4179 1144 4231 qua
1161 4163 1270 4215 nictare

142 4253 269 4303 triebeee
279 4254 408 4319 mysteri·
421 4254 692 4319 eeteiteseeteeunt.
720 4257 839 4317 apparet,
871 4248 1001 4317 quaelibet
1028 4248 1151 4313 formula,
1181 4251 1270 4318 quibui

143 4339 297 4405 Dentinper
327 4336 342 4386 Ι.
369 4351 392 4387 e.
422 4352 447 4403 p.
474 4334 525 4386 390
552 4353 590 4405 eq.
627 4337 694 4388 bene
721 4336 784 4388 ntiae
802 4336 926 4403 epietoiee
944 4333 1063 4387 conciudi
1077 4335 1169 4400 soient,
1189 4336 1270 4389 ebert.

142 4424 265 4489 exponit,
301 4431 459 4491 quantopere
490 4422 566 4474 lectio
597 4423 695 4475 codicia
721 4424 776 4476 lieo
794 4426 889 4474 mirum.
915 4421 1051 4474 Monachus
1070 4424 1136 4473 enirn
1156 4422 1199 4473 iiie
1218 4437 1269 4474 non

142 4507 251 4560 fledieei
278 4509 320 4561 bie
346 4509 516 4577 praeterendo
535 4510 567 4560 eit
584 4511 695 4562 versioni
721 4513 832 4579 integrae
859 4509 947 4578 ignatii
973 4508 1095 4577 epistotae
1115 4512 1138 4559 in
1159 4509 1269 4576 iiopuem

143 4593 273 4661 Syriacae.
310 4593 383 4646 Clare
402 4595 444 4646 bie
464 4605 585 4664 apparet,
604 4596 694 4663 Syrum
722 4598 851 4664 Syriacam
871 4605 1051 4660 transvertere,
1070 4594 1115 4647 eed
1130 4610 1160 4644 ea
1173 4603 1269 4645 tantum

143 4696 236 4749 praeca
267 4680 440 4734 abbreviatae.
486 4682 537 4734 Cir.
569 4685 693 4752 Ubtborn,
722 4683 868 4735 exscribere
881 4684 971 4746 votuit,
990 4698 1055 4751 quae
1068 4683 1116 4749 ipsi
1129 4681 1269 4747 praecipue

143 4767 160 4817 1.
174 4785 196 4820 e.
209 4785 233 4835 p.
247 4769 290 4834 50,
311 4770 354 4836 qui
373 4775 468 4820 tentum
482 4777 594 4821 nostrum
607 4779 695 4822 contra
721 4779 808 4823 notatu
827 4771 900 4840 digna
921 4769 1079 4821 videbantur.

144 4852 299 4911 Bumeuium
316 4853 385 4907 bene
404 4854 528 4909 defendit.
758 4856 788 4921 0)
807 4856 825 4908 1.
841 4873 864 4909 e.
884 4860 912 4909 ira
929 4873 1009 4925 reparo
1027 4858 1149 4908 Satanae.
1179 4855 1269 4907 Sarra.
