3067 6450
130 1211 158 1267 s.
177 1210 326 1279 rernm]
566 1206 820 1263 rnouuoouuus.
846 1286 848 1295 Ι
1214 1209 1256 1266 ur

131 1366 290 1456 promitio
310 1363 369 1432 διοῖ
390 1367 534 1453 σπουδῆς
555 1359 638 1448 ἔχειν
659 1357 757 1431 αὐτόν
776 1363 881 1444 ἀξιῶν.
925 1370 976 1432 His
1000 1369 1085 1432 dictis
1107 1370 1257 1434 Eusebius

131 1478 263 1558 priorem
286 1481 400 1558 portem
422 1476 525 1557 cupitis
548 1472 568 1538 3
591 1473 643 1555 Ep.
668 1472 705 1535 ed
721 1473 836 1555 Smyrn.
860 1464 954 1557 (byn
1044 1469 1256 1557 ἐπίστευσαν)

130 1580 169 1642 sd
193 1580 317 1642 verbum
341 1598 381 1642 ox
403 1579 534 1641 breviori
557 1577 738 1639 recensione
761 1576 885 1658 protert.
929 1579 975 1642 Dc
998 1581 1168 1643 testimonio
1192 1564 1286 1640 Eu-‘

131 1685 209 1748 sebit
232 1683 287 1745 cir.
309 1683 459 1747 Paarson.
483 1681 636 1747 Vindictae
656 1681 685 1742 P.
708 1679 728 1741 1.
752 1697 779 1742 ο.
802 1676 833 1741 8.

223 1786 253 1870 i)
284 1788 481 1850 Athanasius
501 1783 530 1866 ¹)
558 1802 679 1866 quoquc
706 1783 867 1865 Ignatimis
895 1785 1029 1866 epistolis
1059 1789 1258 1854 testimonium

132 1891 286 1974 perhibet:
307 1883 452 1974 intrim
472 1875 538 1964 οὖν,
561 1883 579 1951 ὁ
600 1883 684 1967 μειοῖ
705 1877 782 1958 τούς
802 1876 1016 1962 Ἀποοτόλους
1038 1885 1071 1953 ἐν
1085 1880 1260 1978 Ἀντιοχείᾳ

131 1990 347 2068 κατασταθεὶς
374 1990 569 2068 ἐπίσκοπος,
598 1987 649 2053 καὶ
676 1987 801 2076 μάρτυς
832 1996 891 2055 τοῦ
913 1993 1060 2079 Χριστοῦ
1088 1987 1260 2078 γενόμενος,

131 2096 264 2185 ypoipun
285 2095 363 2185 arpi
384 2097 442 2161 τοῦ
464 2092 600 2182 Κυρίου,
622 2091 756 2181 εἴρηκεν·
786 2084 853 2171 „ric
874 2087 985 2182 ιὀιιρός
1007 2093 1092 2176 ἐστι,
1114 2098 1263 2187 nupsistis

132 2201 188 2265 soi
210 2194 430 2283 πνευματικός,
452 2192 577 2285 payait
598 2193 650 2260 καὶ
673 2189 840 2283 cipimus,
863 2197 896 2264 s'u
918 2191 1084 2286 ἀνθρώπῳ
1109 2199 1206 2281 Θεὸς,
1229 2200 1263 2269 ἐν

133 2303 269 2389 θανάτῳ
291 2298 356 2391 ζωή
378 2300 530 2390 ἀληθινή,
559 2300 612 2367 καὶ
636 2299 669 2366 ἐκ
692 2299 829 2388 Μαρίας
849 2300 901 2367 καὶ
924 2300 957 2367 ἐκ
980 2304 1093 2369 Θεοῦ.“
1139 2309 1185 2372 Ex
1208 2310 1261 2392 Ep.

133 2408 1261 2495 Qnmssmaobbommmofflmfficbhmm

134 2513 492 2581 Vfflffloekbo&

223 2617 265 2702 g)
294 2621 430 2701 Denique
452 2618 676 2699 Hieronymum
692 2614 742 2700 ²),
773 2618 823 2698 qui
851 2635 912 2680 non
939 2619 995 2680 nisi
1027 2621 1119 2682 verbo
1141 2621 1264 2685 Eusebii

133 2725 296 2807 repetiisse
319 2724 451 2802 uidetur,
481 2722 649 2791 audiamus:
683 2721 844 2802 iyuatius,
876 2721 1089 2785 Antiochinae
1113 2726 1264 2790 ecciesiae

134 2830 249 2891 tertius
274 2837 348 2908 post
377 2828 500 2890 Petrum
526 2827 711 2906 Apostolum
739 2827 922 2906 episcopus,
953 2840 1159 2893 commovente
1186 2851 1263 2910 per·

134 2935 325 2995 secutionem
359 2933 518 3012 Trojano,
552 2933 719 2993 damnatus
748 2931 792 2991 ad
818 2929 953 3009 bestius,
982 2932 1113 2995 Romam
1142 2936 1266 2998 cinctus

134 3037 279 3098 mittitur.
327 3035 486 3116 Quumque
519 3036 674 3116 naoiyans
703 3035 868 3114 Smyrnam
900 3035 1052 3113 venisset,
1086 3037 1140 3099 ubi
1170 3038 1264 3120 Paty-

137 3159 267 3219 curpus,
282 3142 408 3203 auditor
419 3140 565 3216 Joannis,
582 3141 746 3220 spiscopus
762 3147 842 3216 erut,
858 3139 989 3217 scripsit
999 3159 1092 3202 uuam
1103 3142 1266 3219 epistotam

138 3247 183 3306 ua
207 3245 372 3325 presios,
395 3246 527 3308 atterant
550 3245 593 3307 ad
613 3244 848 3324 Maynesionos,
873 3244 994 3305 tertiam
1013 3245 1057 3305 ad
1079 3245 1265 3323 Troiiam,

138 3355 286 3428 quartam
309 3349 353 3411 ud
374 3350 553 3422 itomanam·
586 3357 615 3410 et
643 3348 719 3409 inde
748 3346 912 3425 effodiens
937 3346 1067 3423 scripsit
1089 3347 1134 3408 ad
1155 3347 1267 3409 Pbitu·

139 3451 290 3530 detpiscos
313 3460 344 3514 et
365 3453 409 3515 oa
430 3451 637 3534 smyrnaeos,
665 3459 696 3512 et
714 3450 847 3529 propria
871 3450 915 3512 oa
937 3449 1160 3530 Polycarpum,
1184 3438 1267 3514 coin·

137 3557 293 3619 mendane
314 3558 363 3619 itti
377 3557 616 3621 Antiocbenmm
637 3555 803 3617 ecetesiam
809 3573 821 3626 ;
843 3555 878 3615 in
900 3571 964 3634 qua
981 3560 1012 3615 et
1028 3553 1067 3614 de
1082 3552 1268 3635 annyelio,

140 3662 229 3742 quod
250 3680 350 3741 nuper
373 3680 394 3724 a
416 3681 462 3724 saa
485 3660 671 3723 translatum
694 3666 751 3736 est,
776 3677 871 3739 super
888 3676 1028 3739 persona
1045 3656 1164 3720 Cbristi
1179 3660 1271 3738 ponit

140 3755 359 3842 testimonium,
384 3766 494 3828 dicans
517 3761 574 3848 (ad
594 3764 709 3845 Smyrn.
733 3781 758 3826 o.
780 3758 839 3844 3).·
859 3762 953 3842 „Epo
975 3780 1049 3825 aero
1072 3769 1195 3843 etpost
1216 3780 1270 3823 rs·

140 3869 369 3932 surrectionem
384 3868 418 3930 in
434 3886 530 3931 corne
545 3886 612 3931 suns
626 3867 706 3945 aidi,
730 3874 761 3929 et
775 3867 878 3944 meda,
902 3867 977 3948 quia
991 3867 1041 3929 sit.
1083 3866 1125 3929 Et
1145 3866 1270 3947 quondo

141 3974 229 4036 οοιιιῚ
259 3974 303 4035 od
332 3972 473 4049 Petrum,
508 3981 538 4036 et
567 3974 611 4035 ud
640 3991 711 4049 eos,
746 3970 801 4052 qui
830 3988 899 4034 aum
921 3969 1013 4033 Petro
1044 3978 1152 4049 mant,
1187 3969 1274 4034 dicit

142 4078 208 4140 sis:
241 4075 340 4152 Ecce,
372 4078 499 4157 patpare
519 4094 592 4162 ¹irre,
627 4084 658 4139 et
685 4075 807 4151 videte,
843 4074 919 4154 quio
951 4092 1016 4137 non
1046 4093 1114 4136 sum
1143 4075 1272 4139 daemo-

142 4182 230 4243 nium
252 4180 475 4260 incorporata.-
506 4181 548 4244 Et
575 4181 680 4243 statim
710 4180 876 4257 tetiyerunt
897 4195 966 4239 eum
987 4185 1017 4239 et
1039 4178 1273 4241 crediderunt.“

142 4284 281 4364 Dipnsun
303 4292 404 4347 autem
424 4285 564 4361 uidetur,
589 4284 664 4364 quia
688 4284 765 4346 tanti
787 4283 851 4344 oiri
870 4280 1004 4362 fecimus
1026 4282 1220 4361 mentionem,
1244 4289 1275 4344 st

145 4388 182 4450 ris
205 4386 342 4468 epistota
364 4391 453 4468 ejus,
477 4407 569 4469 quam
590 4388 633 4451 od
654 4387 814 4451 Romanos
835 4383 918 4470 (cop.
942 4382 997 4470 V.)
1019 4384 1147 4462 scribit,
1168 4403 1275 4465 pauca

143 4509 284 4570 ponera:
305 4490 378 4568 „Dc
393 4491 488 4572 Syrio
510 4493 643 4574 uspus“,
663 4498 719 4554 etc.
736 4497 794 4554 otc.
840 4491 999 4571 Quumque
1015 4492 1087 4570 jum
1109 4492 1275 4554 damnatus

147 4603 229 4659 esset
257 4595 302 4659 aa
330 4595 466 4675 bestias,
499 4598 614 4659 ardore
641 4597 806 4676 potiendi,
839 4614 933 4677 quum
960 4594 1118 4673 rupientes
1149 4594 1277 4657 audiret

148 4699 272 4776 Ιιοιιιι,
312 4700 375 4761 ait:
411 4697 621 4779 „frumentum
657 4699 776 4762 Cbristi
808 4718 894 4777 sum,
932 4697 1075 4761 dentibus
1106 4697 1277 4759 bestiarum
1308 4690 1321 4711 ⁶

149 4802 260 4880 motor,
283 4809 320 4864 ut
338 4802 435 4883 punis
456 4805 592 4867 mundus
614 4803 791 4866 inceniar.“
837 4797 902 4884 (Ex
923 4800 977 4882 Ep.
1000 4800 1037 4864 sd
1057 4799 1140 4863 Rom.
1160 4818 1186 4863 c.
1207 4795 1277 4881 iv.)

151 4906 266 4970 Passus
288 4914 337 4970 cst
358 4926 442 4971 anno
464 4907 627 4971 undecimo
654 4907 796 4989 Troiani.

187 5024 214 5091 t)
233 5024 274 5078 lis
291 5041 348 5093 syn.
362 5023 441 5078 Arius.
459 5033 486 5080 st
503 5024 604 5081 Solsua
621 5042 647 5081 u.
659 5022 721 5096 tat
766 5025 796 5091 2)
813 5022 933 5078 Daritis
950 5023 1042 5077 illustr.
1060 5039 1083 5076 c.
1103 5022 1144 5075 16.

204 5128 270 5170 rma
282 5135 346 5180 mr.
361 5128 399 5170 ss.
415 5129 450 5170 rr.
1044 5109 1070 5174 b
