3067 6450
195 1186 358 1267 maa]
631 1193 887 1249 rausacouana.
1236 1194 1323 1254 xcvu

283 1356 331 1422 Ex
352 1358 399 1422 his
422 1374 496 1420 vero
519 1356 621 1419 verbis
643 1355 671 1419 id
696 1362 805 1420 tantum
825 1358 977 1441 conjicere
996 1358 1123 1422 debehat
1142 1360 1190 1423 vir
1206 1359 1322 1424 doctis-

192 1462 298 1541 simus,
322 1463 506 1544 Hieronymi
523 1462 711 1542 temporibus
727 1463 832 1525 librum
850 1470 981 1528 nostrum
998 1464 1076 1546 apud
1090 1465 1211 1529 Latinos
1227 1484 1323 1546 paene

192 1566 365 1649 ignoratum
404 1568 505 1631 iuisse.
560 1568 682 1630 Duobus
721 1573 818 1630 autem
856 1569 978 1631 seculis·
1004 1576 1071 1633 ante
1108 1570 1321 1652 Hieronymum

191 1671 325 1734 Pastoris
348 1673 454 1735 librum
477 1672 555 1754 apud
578 1672 699 1734 Latinos
721 1672 931 1755 pervulgatum
955 1674 1057 1752 inisse,
1080 1694 1098 1738 e
1120 1676 1221 1737 verbis
1242 1674 1321 1737 Ter-

192 1775 308 1838 tulliani
330 1794 421 1858 supra
443 1776 568 1843 laudatis
598 1784 728 1858 apparet.
774 1777 872 1840 Facile
905 1784 1002 1841 autem
1032 1778 1096 1841 ireri
1126 1786 1259 1860 poterat,
1290 1786 1323 1842 ut

191 1880 269 1944 iiber
285 1882 333 1944 hic
350 1885 567 1965 posterioribus
582 1883 702 1961 seculis,
719 1883 736 1944 i.
749 1900 776 1944 e.
794 1888 899 1964 quarto
916 1889 945 1944 ct
961 1884 1073 1964 quinto,
1089 1902 1106 1945 a
1122 1882 1253 1961 Graecis,
1270 1883 1322 1965 qui

191 2003 299 2049 return
316 1995 468 2050 auctorem
485 1989 700 2070 incompertum
717 1986 884 2050 habuerunt
900 1988 1027 2070 viroque
1038 1988 1203 2069 apostolico
1215 1988 1320 2051 iibrum

190 2092 370 2172 tribuerunt,
394 2094 515 2176 majoris
538 2095 745 2156 aestimaretur
767 2091 897 2174 ideoque
913 2093 1033 2175 saepius
1049 2093 1211 2173 legeretur,
1234 2112 1321 2174 quarn

191 2214 209 2259 a
231 2195 354 2275 Latinis,
377 2216 504 2279 quorum
528 2199 608 2263 multi
632 2196 738 2261 eodem
764 2214 871 2260 errore
893 2197 971 2279 capti
993 2215 1053 2261 non
1078 2196 1206 2261 inerunt.

278 2302 346 2366 Non
377 2310 423 2366 est
452 2306 558 2388 igitur,
588 2303 668 2386 quud
699 2301 820 2365 fratrem
843 2300 884 2363 Pii
907 2301 927 2364 1.
957 2302 1062 2365 librum
1085 2309 1219 2366 nostrum
1242 2321 1320 2367 cun-

190 2406 354 2490 scripsisse
381 2409 548 2472 dubitemus
570 2406 606 2492 ¹).

280 2513 410 2578 Minime·
424 2533 516 2593 uero,
547 2532 625 2597 quae
648 2514 684 2575 ab
708 2511 765 2575 iliis
788 2513 954 2575 sententiae
978 2512 1101 2577 nostrae
1130 2513 1319 2596 objiciuntur,

190 2624 354 2682 taceamus.

279 2721 316 2807 a)
336 2724 442 2788 Frater
463 2725 504 2787 Pii
526 2724 548 2803 l,
571 2725 662 2807 ajunt,
686 2741 827 2786 sermone
850 2723 958 2802 latino,
984 2739 1044 2785 non
1067 2740 1190 2806 graeco,
1212 2722 1318 2787 librum

189 2828 430 2910 conscripsisset,
454 2830 564 2911 quippe
587 2830 647 2911 qui,
671 2833 748 2890 teste
771 2828 847 2892 libro
870 2827 1028 2910 pontificali
1044 2828 1172 2907 Damasi,
1197 2830 1318 2893 natione

190 2932 279 2997 italus
304 2940 394 2997 esset.
441 2934 500 2999 Sed
515 2934 604 2998 italos
622 2952 743 3015 qunque
764 2934 830 2996 istis
846 2933 1027 3016 temporibus
1048 2950 1160 3016 gracco
1180 2932 1318 2996 idiomate

190 3039 369 3122 saepissime
390 3055 462 3101 usos
485 3056 564 3116 esse,
588 3037 675 3120 piane
700 3045 825 3102 constat.

278 3141 319 3230 b)
343 3143 504 3207 Auctorem
529 3144 589 3207 Vis.
612 3144 645 3206 11.
669 3164 694 3207 c.
718 3142 746 3208 d.
780 3164 815 3208 sc
845 3162 989 3208 coaevum
1013 3143 1171 3207 Clementis
1193 3142 1318 3206 Romani

191 3250 362 3333 significare
378 3249 531 3313 aiiirmani.
570 3251 652 3315 Bene
668 3250 803 3334 quidem;
824 3253 878 3315 sed
894 3252 1030 3314 Hermam
1043 3251 1195 3332 juniorem
1211 3256 1317 3329 poitrna

191 3355 249 3420 hoc
272 3356 686 3438 apocalyptico-didacticum
704 3355 747 3440 ²),
771 3355 876 3420 iraude
899 3354 1025 3436 quadarn
1047 3356 1110 3435 pia,
1133 3360 1167 3416 ut
1187 3352 1319 3416 Montani

190 3477 312 3524 errores
343 3479 381 3524 eo
412 3462 535 3545 manius
565 3463 828 3545 impugnarentur,
860 3461 972 3523 seniori
996 3459 1123 3521 Hermae
1151 3457 1318 3540 apostolico

191 3567 389 3650 supposuisse
412 3569 618 3631 contendimus
635 3565 676 3650 ³).

278 3667 315 3754 c)
339 3671 468 3735 Maxime
483 3673 625 3737 irenaeus
635 3670 667 3756 ⁴)
684 3672 850 3756 apostolico
866 3671 992 3734 iiermae
1008 3668 1208 3732 testimoninm
1223 3686 1317 3750 prae-

226 3826 252 3891 1)
277 3825 379 3878 Librum
407 3825 518 3880 Pastoris
545 3829 636 3881 madiis
662 3827 741 3880 seculi
768 3836 881 3878 nostrum
898 3829 967 3880 inico
980 3826 1077 3879 cuidam
1090 3824 1237 3888 christiano,
1255 3839 1317 3891 par·

190 3911 296 3964 secundi
321 3914 480 3981 temporibus
506 3913 616 3967 Ltickius
640 3932 741 3985 quoque
769 3914 834 3966 tibus
847 3918 1037 3970 dotatore-nm
1050 3912 1145 3965 fauenti
1157 3912 1255 3975 tribuit,
1274 3912 1318 3979 qui

191 4001 320 4068 assignat,
347 4003 502 4072 Etnies‘tusse
527 4006 557 4055 in
579 4005 621 4057 die
641 4006 740 4074 offeni.
768 4000 914 4068 paulopost
932 4002 1030 4052 initiam
1048 4000 1128 4054 secuii
1147 3998 1252 4051 secundi
1270 4014 1318 4065 per

190 4089 326 4140 drisimir
344 4102 369 4155 p.
386 4088 443 4140 112.
472 4086 739 4141 iuesndemsenten-
769 4087 982 4154 praedicationem
1008 4091 1181 4159 poenitentiae
1204 4099 1317 4137 renova·

189 4174 246 4225 tiam
267 4174 322 4225 iera
340 4181 458 4225 suctores
484 4173 541 4225 iibri
567 4173 739 4226 celeberrimi:
768 4175 863 4224 tionem
882 4176 950 4226 vitae
976 4174 1166 4227 ecclesiasticae
1191 4172 1318 4225 adducere

191 4262 315 4331 Orips'aes
340 4264 372 4314 de
395 4262 498 4330 i'e'otira
522 4265 664 4326 demaine,
690 4281 741 4330 par
767 4260 901 4314 studuerit.

189 4347 228 4399 das
252 4351 382 4401 membres
406 4352 437 4403 de
461 4352 487 4401 tu
509 4349 693 4403 commonuisti
711 4352 741 4402 da
803 4347 833 4415 2)
853 4347 970 4400 Hermam
986 4348 1076 4401 librum
1095 4346 1128 4399 IV
1146 4344 1316 4399 Esdraairni·

189 4434 333 4488 sstmm.
370 4432 457 4499 Paris,
479 4433 644 4501 danencurt,
664 4434 739 4486 1836.
767 4441 846 4486 tatum
858 4434 1316 4502 cssecontenditdacirmaunusp.65.

190 4515 216 4571 Τ.
233 4519 252 4571 1.
271 4537 296 4588 p.
318 4521 375 4572 145.
412 4521 468 4573 Alia
491 4521 593 4589 piarent
610 4525 739 4591 Schwep-
769 4520 820 4573 Cir.
839 4520 898 4574 Not.
918 4523 933 4571 6
952 4521 984 4573 ad
1004 4522 1053 4576 Vis.
1073 4521 1099 4586 1,
1118 4521 1142 4573 3.

190 4605 243 4660 isra
262 4605 435 4677 Tubingensi,
462 4610 504 4678 qni
523 4607 652 4660 Pastorem
671 4614 739 4659 tens·
803 4607 830 4670 3)
850 4607 928 4659 Simili
946 4608 1022 4660 modo
1040 4608 1202 4676 conjugatum
1232 4615 1258 4660 et
1284 4606 1316 4658 ad

189 4693 294 4759 poribus
321 4693 421 4761 Trajani
450 4712 464 4747 a
492 4695 603 4748 Juduista
630 4695 740 4765 quodam
767 4696 878 4763 inopiam
897 4695 1090 4748 redactamatc.
1108 4712 1136 4747 se
1155 4695 1232 4762 ongis.
1264 4692 1314 4744 co.

190 4795 232 4832 seu
246 4779 553 4850 Ebionitaccnscripturn
573 4790 651 4851 putat.
684 4787 740 4837 Dar
769 4781 819 4835 Vis.
839 4781 859 4849 i,
879 4780 903 4833 ³.
934 4782 985 4835 Vis.
1004 4780 1035 4847 11,
1054 4782 1079 4832 4.
1112 4780 1163 4832 vis.
1182 4779 1225 4845 itt,
1244 4781 1269 4831 6.

189 4872 343 4939 arctamus.
357 4872 494 4937 Zeituiter,
510 4866 538 4920 T.
552 4866 570 4919 1.
584 4884 610 4936 p.
621 4867 672 4919 332
684 4885 737 4938 sqq.
801 4869 829 4934 ⁴)
855 4869 921 4921 Adv.
946 4867 1021 4922 fluor.
1047 4868 1088 4933 IV,
1104 4867 1147 4918 20.
1175 4884 1200 4918 n.
1219 4867 1244 4918 2.
1272 4864 1314 4917 cd.

190 4951 237 5023 ipsi
262 4958 354 5023 partim
377 4957 478 5008 accedit
494 4958 643 5025 ildipenfetd
661 4957 739 5024 (spo-
769 4954 885 5009 Marsuas.

192 5041 245 5097 noi.
257 5043 336 5098 viter
355 5060 381 5112 p.
397 5042 442 5095 iiii
458 5050 484 5096 ct
497 5044 570 5112 179),
590 5045 631 5113 qui
649 5042 741 5096 librum
