3067 6450
158 5141 265 5306 k

279 1206 344 1272 χιι
622 1191 818 1249 nmmum
837 1192 863 1245 s.
880 1188 1061 1245 τορευτά

498 1356 531 1419 11.
576 1353 719 1434 Ἰραατὶαι
742 1370 762 1413 α
789 1350 930 1429 Trojano
951 1334 1187 1413 αοιιάεινιιιαίαν.

370 1460 527 1550 Τραϊανοῦ
548 1449 609 1543 γάρ
631 1436 712 1537 μετά
734 1458 836 1518 ταῦτα
860 1443 1002 1533 Ιε’ννάτῳ
1024 1445 1091 1517 ἔτει
1112 1457 1168 1531 τῆς
1193 1445 1300 1515 αύταῦ
1319 1451 1405 1529 βασι-

278 1566 381 1644 λείας,
411 1558 611 1653 ἐπαρθέντος
641 1555 698 1623 ε’πί
728 1563 767 1641 τῇ
795 1552 862 1641 νίκῃ
889 1556 930 1641 τῇ
957 1552 1038 1620 κατά
1063 1559 1197 1621 Σκυθῶν
1226 1551 1279 1618 καί
1301 1555 1406 1619 Δαναῶν

277 1672 331 1738 καὶ
360 1669 476 1756 ίτίρων
504 1665 633 1733 πολλῶν
658 1659 781 1739 ε’θνῶν,
810 1657 864 1723 καί
894 1657 1083 1741 νομίσαντας
1107 1653 1306 1752 ἐπιλείπειν
1328 1655 1407 1742 αύτῷ

278 1774 362 1863 πρός
385 1774 490 1839 πᾶσαν
519 1761 680 1855 ῦποταγῆν
708 1760 746 1831 τό
776 1767 839 1830 τῶν
869 1771 1054 1853 χριστιανιῦν
1075 1763 1231 1845 θεοσεβὲς
1259 1757 1406 1850 σύστημα,

278 1879 330 1947 καὶ
351 1875 381 1944 εί
400 1872 443 1965 μὴ
464 1871 519 1962 τήν
542 1875 607 1939 τῶν
636 1862 793 1953 δαιμόνων
822 1867 970 1934 Ἰίλοιντο
999 1866 1147 1956 λατρείαν
1174 1860 1256 1952 μετά
1288 1867 1408 1933 πάντων

279 1978 457 2050 ύπειστίναι
479 1979 543 2044 τῶν
565 1976 676 2054 ἐθνῶν,
699 1972 836 2061 διωγμόν
857 1970 1022 2057 ὑπομένειν
1044 1966 1284 2060 άπειλὴσαντος,
1308 1966 1407 2039 ’πάν-

279 2110 338 2164 τας
366 2080 441 2162 τούς
469 2081 608 2163 εῦσεβιῦς
635 2080 757 2161 ζῶντας
786 2071 807 2166 ἢ
834 2074 925 2143 θύειν
953 2068 975 2165 ἢ
1002 2079 1150 2144 τελευτῶν
1177 2071 1408 2165 κατρνύγκαζεν.

283 2184 365 2258 Τότε
386 2189 491 2256 τοίνυν
512 2183 673 2277 φοβηθείς
701 2175 785 2270 ύπὲρ
816 2184 872 2270 τῆς
892 2179 1073 2266 Ἀντιοχέων
1102 2181 1267 2271 ἐιαιίραίας
1299 2175 1318 2249 ό
1348 2205 1408 2269 γεν·

279 2303 369 2372 ναῖος
392 2295 453 2360 τοῦ
473 2291 622 2381 Χριστοῦ
644 2278 851 2377 στρατιώτης,
874 2283 1053 2362 ’ἑκουσίως
1075 2278 1169 2375 ἤγετο
1190 2285 1277 2376 πρός
1299 2292 1407 2376 Τραϊα-

279 2399 338 2479 νόν,
360 2395 512 2484 διάγοντα
531 2395 587 2480 μὲν
608 2383 676 2458 κατ’
699 2390 813 2458 ἐκεῖνον
834 2387 888 2457 τόν
909 2389 1018 2478 καιρόν
1038 2390 1118 2458 κατά
1140 2387 1195 2475 τὴν
1216 2384 1409 2475 Ἀντιόχειαν,

280 2499 506 2584 σπουδάζοντα
536 2498 573 2566 δὲ
603 2496 658 2566 ε’πί
687 2493 849 2586 Ἀρμενίαν
881 2494 934 2561 καί
965 2489 1136 2585 Πάρθους.
1180 2493 1232 2572 Ὡς
1263 2494 1304 2562 δὲ
1334 2490 1410 2562 κατά

280 2606 457 2698 πρόσωπον
478 2599 553 2691 ἔστι]
578 2602 736 2692 Τραϊανοῦ
757 2601 816 2666 τοῦ
837 2596 1011 2683 βασιλέως·
1040 2600 1109 2681 ,τίς
1136 2592 1181 2680 εί,
1211 2595 1409 2684 κακόδαιμον,

280 2707 340 2787 τοῖς
361 2707 515 2797 ἡμετέρας
535 2698 725 2787 σπουδάζων
747 2699 909 2786 διατάξεις
930 2696 1143 2794 ύπερβαίνετν,
1168 2699 1250 2791 μετά
1275 2701 1342 2773 5τό
1363 2704 1411 2772 καί

282 2812 413 2904 ἑτέρους
435 2805 640 2891 α’ναπείθειν,
669 2806 721 2876 ἵνα
741 2811 845 2887 κακῶς
868 2802 1090 2891 άπολιῦνται;“
1133 2803 1282 2897 Ἰγνάτιος
1313 2802 1410 2876 είπεν·

282 2912 408 3001 ,οῦδείς
425 2916 592 3005 Θεοφύρον
614 2911 772 2982 άποκαλεῖ
793 2912 1023 2997 κακοδαίμονα·
1047 2905 1244 3003 άφεστὴκασι
1266 2915 1330 3003 γάρ
1348 2908 1410 2982 αἀτό

282 3031 346 3089 τῶν
367 3014 488 3087 δούλων
508 3021 566 3086 τοῦ
590 3022 677 3086 Θεοῦ
697 3016 739 3085 τά
760 3015 915 3103 δαιμόνια.
960 3015 1001 3084 Εἰ
1023 3018 1075 3097 δὲ,
1106 3017 1156 3085 ότι
1184 3017 1315 3097 τούτοις
1336 3019 1409 3087 ἐπα·

281 3121 366 3216 χθὴς
388 3124 471 3210 εἰμι,
501 3123 615 3212 Ἶκαί]
637 3117 731 3190 κακόν
751 3147 794 3206 με
824 3119 911 3213 πρός
939 3116 1016 3200 τούς
1048 3121 1202 3208 δαίμονας
1232 3116 1409 3202 άποναίεῑς,

281 3233 492 3320 σινομολογῶ.
537 3226 676 3316 Χριστόν
697 3227 757 3317 γάρ
781 3224 860 3312 ἔχων
882 3219 1071 3316 ἐπουράνιον
1092 3226 1235 3311 βασιλέα,
1256 3229 1319 3308 τάς
1339 3224 1407 3296 τού·

279 3361 345 3404 των
375 3336 520 3403 καταλύω
554 3331 753 3413 ἐπιβουλάς.“
810 3330 965 3422 Τραὶανός
996 3325 1104 3400 είπεν·
1137 3332 1214 3413 ,καὶ
1243 3333 1299 3411 τίς
1332 3333 1408 3402 ἐστιν

283 3432 490 3529 Θεογόροςβ(
533 3430 681 3520 Ἰγνάτιος
703 3430 914 3527 άπεκρίνατο·
936 3430 974 3517 ,ό
994 3433 1137 3525 Χριστόν
1159 3433 1243 3520 ἔχων
1264 3436 1300 3505 ἐν
1322 3437 1406 3526 σείρ-

281 3553 373 3621 νοις.“
420 3539 576 3632 Τραϊανός
604 3533 708 3608 εἶπεν·
745 3533 852 3629 ,ἡμεῖς
881 3530 936 3608 οὖν
965 3561 1018 3606 σοι
1047 3542 1203 3626 δοκοῦμεν
1231 3541 1316 3609 κατά
1345 3543 1408 3609 νοῦν

280 3646 326 3736 μιγ
348 3648 430 3732 ἔχειν
454 3642 563 3726 Θεούς,
585 3638 633 3724 οἷς
654 3645 705 3711 καί
727 3637 885 3735 χρώμεθα
907 3646 1088 3728 συμμάχοις
1110 3645 1195 3736 πρός
1217 3645 1295 3724 τούς
1318 3648 1405 3714 πολε-

279 3749 416 3836 μίους;“
459 3747 607 3836 Ἰγνάτιος
642 3741 750 3815 εἶπεν·
787 3745 854 3830 ,τά
891 3744 1041 3833 δαιμόνια
1074 3753 1137 3815 τῶν
1172 3748 1279 3816 ἐθνῶν
1313 3749 1407 3827 Θεούς

280 3853 530 3943 προσαγορεύεις
560 3846 778 3938 πλανώμενος·
812 3845 858 3932 εἷς
888 3853 947 3943 γάρ
978 3851 1063 3922 ἔστιν
1091 3850 1192 3935 Θεός,
1224 3848 1243 3923 ό
1274 3854 1407 3946 ποιήσας

280 3953 336 4023 τόν
358 3952 490 4044 ούρανδν
510 3957 563 4023 καί
585 3957 641 4045 τήν
663 3960 720 4044 γῆν
742 3958 794 4024 καί
815 3952 870 4047 τὴν
890 3952 1077 4039 θάλασσαν,
1106 3958 1157 4026 καί
1184 3950 1296 4027 πάντα
1322 3957 1363 4027 τά
1380 3956 1407 4024 ἕν

280 4054 405 4138 αύτοῐς·
428 4060 480 4125 καί
501 4051 546 4136 εἷς
565 4060 709 4150 Χριστός
730 4060 853 4149 Ἰησοῦς,
878 4062 896 4128 ό
919 4060 986 4139 υἱός
1007 4071 1066 4129 τοῦ
1086 4065 1169 4130 Θεοῦ
1191 4057 1210 4130 ό
1233 4062 1406 4151 μονογενρῗς,

281 4156 321 4230 ού
352 4168 409 4249 τῆς
435 4163 601 4247 βασιλείας
631 4157 789 4252 ὀναίμηνί(
839 4163 993 4253 Τραϊανός
1023 4161 1128 4234 εἶπεν·
1160 4162 1236 4245 ,τόν
1268 4189 1405 4258 σταυρυν

279 4263 381 4332 θέντα
408 4264 508 4352 λέγεις
535 4267 591 4335 ἐπὶ
619 4268 761 4336 Ποντίου
793 4266 936 4338 Πιλάτου
943 4280 977 4352 ;“
1021 4267 1166 4358 Ἰγνάτιος
1194 4261 1305 4338 εἶπεν·
1336 4266 1416 4352 ,τόν

279 4365 567 4459 άνασταορώσαντα
588 4370 643 4459 τὴν
664 4372 738 4463 ε’μῆν
759 4366 919 4463 άμαρτίαν
939 4369 1021 4458 μετά
1041 4382 1100 4441 τοῦ
1128 4374 1247 4462 ταύτης
1272 4368 1406 4465 εῦρεταῦ.

279 4474 331 4542 καί
360 4477 468 4542 πᾶσαν
496 4469 747 4544 καταδικάσαντα
777 4478 955 4567 δαιμονικῇν
984 4478 1104 4567 πλάνην
1133 4477 1188 4542 καί
1218 4477 1330 4546 κακίαν
1350 4475 1406 4545 ίττό

279 4578 355 4656 τοῦς
377 4572 484 4655 πόδας
505 4582 569 4645 τῶν
590 4577 686 4647 αῦτόν
700 4581 732 4648 ἐν
746 4581 863 4672 καρδίᾳ
877 4576 1091 4672 φορούντων.“
1132 4581 1289 4670 Τραϊανός
1309 4574 1406 4650 είπεν·

280 4681 338 4763 ,,σῦ
360 4673 415 4749 οῦν
436 4682 469 4749 ἐν
492 4681 596 4770 ἑαυτῷ
616 4682 727 4774 φέρεις
748 4681 804 4752 τόν
825 4684 1092 4776 σταυρωθένπα;“
1135 4679 1283 4772 Ἰγνάτιος
1308 4679 1404 4754 είπεν·

317 4829 345 4896 1)
363 4828 382 4881 Ι.
402 4846 424 4881 ε.
443 4830 473 4881 Α.
494 4832 542 4883 107
560 4848 585 4901 p.
601 4831 646 4885 ch.
676 4831 731 4885 Vct.
745 4832 830 4886 Inter·
892 4836 920 4900 2)
939 4835 975 4887 na
986 4838 1060 4890 Νοίιε
1072 4834 1089 4886 1.
1100 4851 1123 4887 c.
1133 4851 1159 4902 p.
1169 4833 1231 4887 235.
1244 4844 1352 4904 propter
1362 4849 1403 4888 ιο·

280 4930 339 4982 pren
368 4914 458 4966 habet:
489 4936 558 4971 ακιιο
585 4930 687 4989 quarto.
725 4916 830 4971 aniun
858 4936 915 4973 ωεο
930 4917 1095 4985 πληθυντικόν
1108 4918 1311 4975 Christianorum
1324 4928 1404 4974 τοειτι

281 5001 386 5076 corrigit
397 4998 490 5076 δεκάτρ
502 5000 593 5077 ίννάιρ
604 5005 660 5068 lesa,
669 5006 686 5058 i.
696 5020 720 5058 ο.
731 5008 762 5060 Α.
773 5005 829 5059 116.
857 5001 979 5074 (σύστημα
993 5006 1169 5077 Χριστιανῶν).
1195 5006 1242 5062 Ιι.
1255 5007 1341 5059 mro.
1358 5005 1402 5074 85·
