3067 6450
346 1166 468 1222 turtum
485 1166 645 1222 satsroth
663 1166 708 1221 All
728 1167 934 1223 summotos.
952 1169 983 1224 X.
1001 1169 1042 1226 Χι,
1191 1175 1253 1241 231

131 1324 296 1396 Absentem
320 1349 367 1391 me
390 1337 421 1392 et
442 1336 631 1412 praesentem
656 1328 809 1394 dilexistis.
860 1329 1033 1395 'Retribuat
1056 1332 1140 1396 vobis
1163 1332 1256 1416 Deus,

131 1443 255 1519 propter
278 1438 367 1518 quern
391 1437 489 1498 omnia
512 1437 693 1499 sustinentes
717 1437 812 1519 ipsum
835 1435 1047 1521 adipiscemini.

131 1627 168 1690 x
194 1627 329 1691 Comites
345 1647 428 1691 meos
444 1626 593 1693 benevole
606 1627 790 1708 suscepistis
798 1647 810 1702 ,·
832 1647 897 1691 non
913 1628 1013 1690 deerit
1025 1627 1116 1692 uobis
1130 1648 1256 1695 merces.

219 1748 399 1816 ¹Philonem
431 1759 460 1814 et
487 1751 600 1815 llheurn
630 1751 877 1832 Apathnpmlem,
907 1750 957 1830 qni
988 1769 1035 1811 me
1066 1752 1160 1813 seculi
1189 1757 1259 1815 sunt

132 1855 217 1920 ³Dei
240 1877 340 1935 causa,
364 1866 396 1920 nt
419 1860 568 1920 ministros
593 1857 698 1919 Christi
723 1856 778 1917 Dei
801 1857 1011 1937 suscipientes,
1033 1855 1112 1918 hene
1136 1855 1257 1919 lecistis.

131 1963 152 2025 li
170 1982 291 2044 quoque
309 1962 435 2026 liomino
451 1964 562 2044 gratius
579 1969 670 2043 agunt
686 1969 809 2044 propter
826 1978 891 2039 vos,
912 1960 991 2040 quod
1009 1961 1144 2022 omnihus
1162 1962 1258 2024 modis

131 2068 199 2130 illos
230 2067 404 2130 reieceritis.
450 2068 496 2130 Nil
528 2064 663 2130 ⁴horurn
694 2067 780 2128 vobis
811 2067 866 2127 erit
897 2067 1045 2127 cessissem.
1093 2062 1258 2139 ¹Yicissim

131 2179 271 2235 recreent
294 2190 348 2235 uos
371 2174 491 2254 spiritus
515 2190 598 2234 meus
623 2179 652 2233 et
675 2172 793 2236 vincula
817 2190 898 2248 mea,
933 2189 1009 2251 quae
1033 2188 1092 2233 non
1117 2180 1258 2234 contern-

130 2280 229 2355 sistis,
261 2296 446 2360 quorumque
471 2295 526 2339 vos
551 2295 611 2338 nnn
635 2275 747 2359 puduit.
791 2277 854 2339 Nec
877 2282 1009 2338 restrum
1033 2275 1153 2356 pudebit
1181 2295 1258 2359 per-

132 2383 239 2445 lectam
262 2376 384 2463 6ιιιιιιιιι,
406 2382 510 2445 Jesum
534 2381 691 2445 Christum.

162 2574 211 2637 Χι.
256 2574 368 2638 Mittite
391 2574 523 2655 lepatum
546 2575 591 2636 ud
611 2572 822 2637 Antiochense
846 2570 884 2635 ola
905 2589 1014 2651 pacem
1035 2571 1219 2636 restitutam

219 2695 321 2760 Oratio
346 2704 445 2759 vestra
471 2691 635 2778 ⁷pcrvcnit
658 2696 694 2759 nd
718 2697 886 2774 ecclesiam,
911 2715 987 2777 quae
1012 2703 1057 2758 est
1080 2697 1257 2761 Antiochino

130 2803 160 2863 in
184 2802 287 2883 Syria3
318 2802 397 2863 unde
429 2801 554 2863 vincellis
577 2802 643 2864 llco
675 2805 802 2865 maxime
831 2801 1013 2883 placentibus
1043 2802 1153 2884 ligatus
1179 2801 1258 2884 (nh-

130 2903 268 2989 ductus),
291 2925 394 2969 ornnes
417 2907 524 2983 saluto,
548 2907 597 2970 illo
621 2907 797 2988 episcopatu
821 2906 904 2988 iungi
927 2925 987 2969 non
1011 2904 1130 2989 dignus,
1154 2914 1257 2988 utpote

129 3013 259 3074 omnium
276 3010 407 3087 infirnus3
429 3010 484 3073 sed
501 3006 535 3094 (⁸
548 3009 622 3095 Dei)
638 3013 775 3075 voluntas
792 3031 838 3075 me
854 3011 973 3094 dignata
990 3021 1046 3089 est,
1071 3030 1130 3075 non
1149 3006 1163 3048 ⁹
1168 3012 1257 3095 juxta

129 3118 342 3180 conscientiam
365 3134 479 3196 ineam,
512 3118 566 3180 scd
590 3137 630 3179 ex
653 3120 747 3200 gratia
773 3119 845 3194 llei,
877 3135 963 3198 quarn
991 3115 1154 3198 perlectam
1187 3116 1257 3179 rrrilri

130 3222 194 3285 duri
218 3228 299 3303 opto,
322 3229 354 3285 ut
377 3241 431 3304 per
455 3225 620 3286 orationem
645 3230 774 3286 vestrum
791 3224 886 3285 Deum
907 3240 1085 3302 consequar.
1123 3221 1159 3284 Ut
1179 3240 1258 3285 nunc

130 3346 206 3409 opus
231 3336 362 3390 restrum
385 3329 551 3392 absolutum
574 3329 623 3392 liet
645 3348 745 3392 coram
770 3330 834 3391 Deo
858 3336 887 3391 et
910 3326 1087 3404 hominihus,
1110 3323 1197 3388 decet
1219 3325 1257 3389 ad

129 3432 369 3511 lleihonorem,
393 3438 424 3495 ut
447 3432 574 3496 ecelesia
598 3441 698 3498 vestra
724 3429 750 3472 ¹⁰
764 3435 855 3517 eligat
877 3451 994 3496 sacrum
1017 3431 1165 3515 legatum,
1195 3431 1258 3511 qui,

130 3557 220 3620 quum
243 3538 278 3599 nd
297 3539 409 3620 Syriam
433 3556 529 3619 usque
552 3541 678 3616 uenerit,
703 3539 931 3621 congratuletur
953 3536 1021 3615 illis,
1047 3534 1127 3616 quod
1152 3554 1258 3616 pacem

130 3645 285 3706 consecuti
307 3645 382 3720 sint,
406 3649 435 3704 et
457 3662 539 3705 snam
564 3646 733 3725 receperint
757 3642 1005 3725 magnitudinem,
1032 3658 1067 3703 ac
1091 3642 1257 3702 restitutum

129 3748 168 3808 sit
192 3746 249 3807 illis
273 3763 357 3809 suum
383 3743 408 3784 ¹¹
423 3764 542 3827 corpus.
589 3745 615 3785 ¹¹
631 3748 727 3831 [tigna
751 3750 841 3831 igitur
864 3746 932 3809 mihi
955 3762 1007 3807 res
1038 3751 1083 3806 est
1113 3746 1194 3821 visa,
1227 3750 1259 3809 ut

130 3850 260 3930 aliquem
283 3855 414 3911 vestrum
431 3852 550 3913 mittatis
566 3869 632 3914 cum
650 3853 785 3933 epistola,
809 3851 859 3933 qui
875 3869 931 3913 una
954 3868 1020 3911 cum
1037 3848 1095 3911 illis
1111 3847 1259 3930 glorillcet

130 3954 389 4035 tranquillitatem,
420 3974 506 4036 quam
533 3957 618 4037 juxta
641 3948 701 4017 oei
727 3957 906 4019 volunlatem
933 3960 1002 4017 sunt
1024 3953 1197 4032 consecuti,
1228 3955 1259 4015 et

129 4058 212 4141 quod
236 4058 363 4121 ecclesia
387 4060 434 4122 illa
457 4079 513 4142 per
535 4061 699 4123 orationem
720 4067 848 4123 vestram
868 4068 956 4142 portu
971 4061 1034 4143 jam
1058 4059 1096 4121 sit
1122 4052 1258 4140 ¹¹polita.

131 4164 229 4237 Οιιιιιιι
253 4163 376 4245 perlecti
400 4165 478 4242 sitis,
511 4166 596 4226 etiarn
627 4163 760 4246 perlecto
788 4164 974 4246 excogitetis.
1026 4160 1258 4244 ¹¹Cupienlibus

131 4270 210 4332 enirn
236 4269 322 4331 vohis
345 4268 422 4331 hene
446 4287 539 4351 ogere
562 4269 643 4331 Deus
667 4268 703 4331 ed
727 4269 912 4353 largiendum
936 4273 1055 4349 paratus
1079 4273 1133 4330 est.

129 4406 234 4471 saepius
261 4403 376 4457 absolute
401 4414 528 4474 ponuntur
545 4421 559 4456 ι
577 4405 678 4457 llostro.
727 4405 771 4490 ιιι
792 4404 832 4456 Sc.
851 4406 988 4459 ecclesius.

131 4509 155 4544 c.
175 4508 200 4559 g.
221 4491 286 4543 inira
305 4507 328 4543 e.
348 4493 388 4544 12.
407 4494 438 4544 ad
458 4491 545 4559 Polpc.
566 4492 627 4543 c.l.
647 4493 679 4543 ad
726 4492 772 4559 12)
802 4490 880 4541 Vetus
911 4492 1035 4559 interpres
1068 4498 1094 4543 et
1123 4489 1259 4543 Armenius

130 4577 207 4630 Trall.
228 4594 250 4629 c.
265 4578 305 4630 13.
324 4578 355 4630 ad
371 4577 464 4646 Ephes.
484 4596 506 4630 c.
520 4578 544 4631 3.
565 4578 679 4649 lllsgncs.
708 4580 825 4647 legerunt
842 4573 959 4636 α’ξιόθεον.

130 4682 153 4718 c.
173 4667 198 4718 4.
234 4664 403 4734 lnterpolator
421 4666 492 4718 addit
511 4665 581 4716 Orod.
728 4665 772 4727 13)
792 4664 870 4717 Forte
888 4664 1022 4733 legendum
1042 4658 1178 4729 ἐτύγχανον
1200 4677 1257 4715 cum

166 4754 195 4816 9)
225 4757 284 4809 Non
314 4756 383 4822 quod
412 4756 525 4806 mihimet
554 4756 610 4822 ipsi
639 4755 681 4807 vel
707 4754 827 4804 versione
847 4749 1006 4803 Armeniaca.

129 4843 339 4896 ninimumsirn
357 4842 499 4904 conscius,
526 4843 605 4909 qaut
623 4842 680 4909 ipre
727 4839 771 4895 ιιι
792 4838 863 4890 Hnnc
882 4838 964 4889 locum
985 4836 1051 4888 mals
1070 4834 1255 4905 Semipelnpia·

129 4933 297 4983 nanterum.
326 4929 415 4978 Sarra.
706 4928 779 4977 nismi
802 4934 946 4992 suspectum
969 4933 1039 4991 putat
1058 4923 1256 4994 Burtmpnrtert·

149 5016 195 5083 10)
215 5012 268 5068 ch.
287 5014 319 5067 ud
338 5011 432 5067 Philad.
450 5029 473 5067 c.
495 5012 535 5070 to.
707 5017 836 5078 Grauius,
857 5010 948 5064 Lohrb.
961 5010 985 5063 d.
999 5007 1120 5081 DogmG.
1133 5008 1165 5077 ll,
1180 5008 1255 5063 tior.
