3067 6450
193 1178 223 1235 r.
242 1178 390 1251 runrrrr]
631 1148 885 1236 monacorum.
1223 1185 1324 1241 xxxix

194 1339 243 1404 Ex
265 1341 365 1404 verbis
389 1339 529 1424 Gregorii
547 1339 761 1424 Abntpharagii
783 1338 869 1423 (Sec.
885 1338 1025 1425 x111.)¹)
1048 1344 1244 1426 conjecemnt
1267 1345 1325 1409 viri

195 1445 295 1523 docti,
317 1445 461 1527 ignatium
485 1447 642 1509 oriundum
665 1446 759 1509 luisse
782 1445 889 1510 Norae
912 1449 942 1510 in
965 1448 1117 1526 Sardinia,
1139 1469 1194 1513 sen
1218 1451 1324 1514 Norae

192 1551 226 1615 in
246 1550 432 1632 Cappadocia
457 1552 504 1613 rei
520 1552 648 1635 Phrygia
661 1549 705 1635 ²),
730 1549 785 1614 sed
807 1569 915 1614 revera
931 1552 1001 1635 Syri
1024 1554 1142 1617 beatum
1166 1562 1324 1636 martyrem

193 1654 323 1719 narem
345 1655 546 1736 appellarunt,
570 1657 588 1718 i.
611 1675 638 1719 e.
663 1658 805 1738 ipserum,
832 1657 900 1737 quia
922 1675 1030 1721 nomen
1053 1660 1170 1740 lpnntii
1193 1661 1230 1723 alr
1253 1663 1324 1741 ipae

193 1758 391 1823 derivandum
421 1777 490 1822 esso
520 1768 659 1842 putarent
674 1758 716 1844 ³).
761 1760 979 1843 Metaphrastes
1008 1771 1039 1826 et
1060 1763 1185 1826 Menoec
1214 1784 1325 1849 graeca

194 1863 274 1945 apud
298 1863 471 1928 Bollandum
487 1861 520 1949 ⁴)
544 1865 638 1946 ipsum
668 1863 825 1946 parvulum
856 1865 935 1928 illum
965 1866 1059 1930 luisse
1082 1868 1203 1948 volunt,
1237 1888 1324 1951 quom

194 1970 335 2033 Salvator
364 1979 469 2035 noster
502 1971 602 2035 ultiuro
633 1969 864 2053 praedicationis
893 1990 967 2035 suae
998 1990 1078 2037 anno
1100 1973 1255 2057 Apostolis
1286 1973 1324 2036 de

193 2075 323 2156 primatu
354 2074 536 2159 litigantibus
564 2076 602 2139 ad
632 2077 824 2140 imitationem
854 2079 1028 2159 proposuit,
1061 2078 1131 2141 dum
1160 2079 1259 2160 ajebat
1275 2075 1325 2161 ⁵J=

195 2180 381 2261 quicumque
404 2181 617 2243 humiliaverit
639 2200 673 2243 se
696 2183 779 2244 sieut
798 2182 954 2261 paruulus
977 2184 1054 2260 iste,
1082 2184 1134 2246 lu'c
1156 2191 1204 2245 est
1225 2185 1327 2262 major

195 2285 231 2346 in
255 2304 351 2363 repon
376 2286 532 2347 coelorum
548 2280 589 2367 ⁶).

284 2388 429 2470 ignatium
446 2390 474 2454 S.
492 2390 617 2453 loannis
633 2389 771 2471 Apostoli
794 2388 959 2463 auditorem
983 2397 1013 2453 et
1029 2390 1059 2456 S.
1074 2391 1230 2474 Polycarpi
1247 2409 1325 2452 con·

195 2492 373 2574 discipulum
397 2492 508 2573 luisse,
537 2501 601 2557 acta
625 2494 760 2575 Martyrii
783 2496 849 2576 eins
872 2513 897 2557 c.
921 2493 950 2558 3.
975 2501 1005 2558 et
1027 2497 1160 2560 nonnulii
1183 2496 1325 2558 Veterum

194 2599 317 2661 uadunt
334 2593 374 2681 ἵ).
420 2600 449 2662 S.
473 2599 639 2682 Gregorius
663 2601 700 2663 tt.
733 2618 801 2662 eum
832 2600 919 2662 ctiam
950 2598 1011 2663 divi
1040 2600 1119 2663 Petri
1150 2598 1324 2681 discipulum

194 2697 346 2784 rocat⁸).

285 2807 518 2871 constitutiones
534 2807 638 2891 Apost.
655 2806 736 2891 (vlt,
753 2805 825 2891 46.)
847 2808 1041 2888 contendunt,
1063 2808 1205 2892 ignatium
1222 2830 1238 2873 a
1255 2809 1325 2874 divo

196 2913 290 2977 Paulo
314 2915 487 2995 episcopum
512 2914 687 2977 Antiochiae
710 2932 780 2976 esse
809 2914 983 2977 ordinatum.
1027 2913 1164 2995 Plerique
1187 2919 1325 2976 tamena
1354 2957 1357 2963 ,

196 3017 287 3081 Petro
311 3019 444 3100 regimen
469 3018 615 3082 ecciesiae
637 3019 679 3081 illi
703 3018 839 3082 traditum
862 3018 955 3082 fuisse
982 3026 1123 3100 putarunt
1135 3014 1178 3102 ⁹).
1222 3018 1325 3080 Petrus

196 3120 363 3185 Halloixius
402 3122 519 3187 honore
557 3122 614 3185 troc
651 3142 668 3186 a
701 3122 818 3190 Joannc
850 3122 1042 3206 Evangelista
1080 3141 1147 3185 eum
1187 3122 1325 3186 donatum

196 3234 304 3290 censet
317 3221 370 3312 ¹⁰).
415 3228 446 3290 in
470 3229 603 3312 regenda
619 3227 805 3292 Antiochena
828 3230 958 3293 ecelesia
975 3229 1119 3311 ignatium
1138 3226 1266 3307 Evodio,
1288 3229 1324 3291 ab

196 3330 352 3413 Aposrotis
382 3333 560 3412 constituto,
592 3333 795 3411 successisse,
828 3340 858 3396 et
887 3331 1102 3396 secundum
1133 3331 1211 3393 iilius
1242 3331 1325 3393 urbis

198 3438 372 3517 episcopum
389 3435 491 3515 luisse,
507 3437 593 3499 tradit
608 3438 756 3500 Eusebius
770 3435 815 3520 ΙΙ)
824 3457 834 3512 3
858 3435 1091 3499 constitutiones
1110 3433 1325 3515 Apostolorum

197 3547 297 3603 autem
320 3539 400 3622 (Vll,
419 3538 490 3623 16.)
514 3543 649 3619 innuunt,
672 3537 817 3602 Evodium
837 3558 873 3601 ac
891 3539 1035 3623 ignatium
1058 3537 1166 3600 eodem
1190 3543 1324 3617 ternpore

197 3644 347 3708 ecciesiae
369 3644 575 3709 Antiochenae
598 3645 784 3727 praefuisse,
815 3646 895 3708 illurn
917 3664 933 3707 a
957 3646 1062 3722 Petro,
1093 3642 1171 3705 hunc
1193 3662 1209 3706 a
1233 3642 1324 3705 Paulo

196 3750 395 3814 constitutum.
440 3751 649 3815 Theodoretns
673 3749 801 3832 denique
825 3751 940 3813 tertiam
955 3754 1124 3833 propugnat
1139 3747 1322 3829 opinionem,

233 3974 260 4038 1)
270 3972 445 4039 Dynartiamm
456 3973 571 4039 historia,
579 3974 684 4040 Dynmt.
692 3973 745 4025 vlt.
808 3975 839 4043 5)
858 3974 942 4027 iiattin
962 3974 1005 4039 ts,
1024 3974 1048 4026 4.

195 4077 223 4130 p.
238 4059 287 4112 119
300 4064 437 4129 interprete
450 4061 593 4115 Poooeirio':
612 4064 747 4132 lpnatiunr
808 4062 837 4124 6)
857 4060 919 4114 Vide
937 4064 1062 4132 Lusum.
1084 4060 1149 4114 lint.
1165 4059 1245 4113 theol.
1265 4061 1321 4113 crit.

195 4149 406 4215 Nurunierraem,
430 4153 584 4219 episomam
602 4150 745 4203 Antinrlro-
774 4146 839 4199 121.
859 4164 883 4214 p.
903 4147 954 4199 245
966 4165 1004 4217 sq.

195 4252 276 4299 sam,
305 4238 351 4304 qui
373 4238 513 4297 allennes
532 4237 686 4302 conjectus,
714 4235 746 4285 ol
809 4236 838 4302 7)
857 4233 887 4284 Ε.
906 4233 1072 4303 pilusebiua
1088 4233 1320 4287 incircumciso

194 4321 233 4374 iic
251 4323 404 4390 discor-ptus
422 4332 471 4376 eat.
509 4319 560 4372 cn.
581 4324 675 4375 Grais·
774 4319 930 4387 Hieronymo
957 4320 1033 4373 latins
1057 4321 1160 4390 vulgato
1185 4320 1217 4372 ad
1237 4320 1267 4371 tt.
1290 4321 1319 4371 11

230 4406 261 4476 2)
282 4410 382 4475 Grato,
403 4407 489 4476 Spicii.
507 4407 535 4459 T.
557 4405 587 4458 11.
607 4424 630 4475 p.
652 4406 664 4456 1
686 4407 746 4458 et2
773 4406 881 4472 Traiani.
1350 4466 1359 4475 ,

197 4500 224 4544 at
251 4497 396 4550 dacoleno.
427 4494 527 4547 Petrum
557 4502 638 4561 apost.
669 4492 697 4545 Τ.
725 4493 745 4546 1.
808 4496 838 4561 8)
857 4494 906 4561 Ep.
920 4494 952 4545 37
972 4493 1004 4546 ad
1021 4492 1181 4545 Anastasiurn
1200 4490 1320 4547 Antioch.

196 4596 222 4650 p.
240 4580 295 4633 ΧΧ.
711 4567 715 4573 ’
774 4580 847 4648 Apud
866 4583 1027 4650 Lamperurn
1044 4579 1061 4630 1.
1081 4595 1104 4629 c.
1123 4597 1148 4648 p.
1169 4579 1229 4631 216.

233 4666 262 4734 3)
282 4663 336 4718 Cir.
347 4668 500 4733 ltmainper
523 4664 745 4717 iiierdiedccht-
808 4668 837 4734 9)
856 4670 994 4735 clary-sort.
1008 4664 1074 4717 horn.
1088 4667 1113 4718 in
1123 4665 1148 4717 S.
1158 4663 1237 4736 ignat.
1249 4664 1320 4717 darc

197 4752 249 4805 teir
267 4753 315 4804 der
334 4751 481 4819 bisherigcn
494 4750 586 4803 Texter
605 4752 651 4803 der
667 4751 745 4820 lgna·
773 4770 795 4806 c.
813 4754 838 4806 1.
857 4770 881 4820 p.
901 4752 960 4803 597.
982 4751 1010 4802 T.
1029 4749 1059 4805 11.

198 4838 339 4891 tianisclren
364 4837 458 4892 Brieie.
501 4839 643 4908 Wtirrburg
670 4838 744 4891 1819.
792 4838 836 4905 10)
855 4839 882 4890 in
896 4836 1060 4907 ritaipnatii,
1079 4838 1145 4907 apud
1159 4839 1320 4907 Lamperurrr

200 4939 225 4991 p.
242 4924 267 4977 8.
773 4927 789 4979 Ι.
809 4943 831 4978 c.
852 4942 877 4993 p.
896 4925 956 4976 247.

233 5010 261 5076 4)
279 5011 344 5064 Acta
356 5011 381 5063 S.
396 5011 422 5064 S.
434 5010 462 5064 Τ.
471 5011 491 5065 1.
504 5011 525 5065 F
527 5013 581 5069 ebr.
593 5014 626 5068 ad
638 5014 706 5067 dionr
721 5012 744 5067 1.
790 5014 838 5081 11)
855 5015 954 5068 linaei.
973 5011 1036 5065 nur.
1055 5008 1119 5062 ecci.
1138 5007 1181 5076 111,
1199 5009 1242 5061 22.

250 5115 315 5157 damu
328 5122 392 5168 apert.
407 5116 445 5157 Ed.
460 5117 495 5158 iV.
1088 5098 1112 5163 c
