3067 6450
432 1181 453 1236 Ι,
471 1178 655 1237 stannus
674 1180 719 1234 AD
741 1178 814 1235 con.
833 1181 906 1236 XLV.
924 1183 1009 1238 xuvt.
1223 1189 1285 1255 11¹1

159 1345 196 1411 ab
227 1344 291 1423 cis,
324 1342 375 1425 qui
404 1341 498 1405 Deum
530 1341 686 1420 timebant,
721 1344 876 1425 conjectus
908 1345 980 1406 est?
1038 1344 1110 1409 'rin
1143 1346 1284 1428 Ananias,

159 1450 285 1515 Azarias
308 1453 338 1509 et
360 1447 462 1510 llisael
485 1446 619 1508 conclusi
642 1453 711 1508 sunt
741 1447 771 1510 in
798 1445 950 1510 fornacem
980 1450 1057 1531 ignis
1082 1451 1117 1513 ab
1142 1453 1203 1529 eis,
1235 1451 1286 1532 qui

157 1553 347 1637 magnificum
370 1558 401 1612 et
422 1551 588 1634 gloriosum
611 1551 742 1613 altissimi
766 1553 875 1614 cultum
899 1556 1126 1618 observabant?
1171 1555 1286 1619 ²hhstr

157 1657 301 1743 prorsusl
347 1656 472 1730 Quinam
496 1655 586 1736 igitur
609 1655 685 1718 haec
708 1658 886 1738 patrarunt?
930 1656 1128 1721 Abominandi
1153 1666 1181 1722 et
1205 1661 1284 1723 omni

156 1763 267 1827 malitia
290 1761 369 1842 pleni
393 1778 430 1821 eo
455 1758 566 1822 luroris
589 1756 705 1822 ³rixati
729 1768 815 1839 sunt,
847 1770 876 1824 ut
901 1781 971 1841 eos,
1001 1765 1050 1844 qui
1075 1766 1104 1826 in
1128 1774 1230 1827 sancta
1255 1761 1285 1829 et

156 1868 305 1949 inculpata
329 1865 481 1928 vuluntate
506 1864 569 1926 Deo
594 1867 774 1945 servierunt,
798 1865 978 1928 ⁴tormcntis
1000 1869 1168 1950 injecerint,
1192 1871 1285 1951 igno·

155 1978 276 2049 rantes,
310 1969 492 2032 Altissimum
515 1978 769 2052 propugnatorem
795 1979 824 2033 et
851 1970 1042 2033 defensorem
1070 1992 1173 2035 eorum
1205 1993 1284 2055 esse,

156 2077 260 2158 quiin
285 2092 358 2155 pura
382 2073 565 2136 conscientia
590 2092 697 2135 nomen
722 2076 787 2157 ejus
811 2075 919 2136 virtute
941 2075 1062 2157 plenum
1087 2077 1202 2155 colunt,
1236 2079 1283 2140 cui

155 2182 196 2244 sit
224 2179 322 2262 gloria
351 2178 381 2239 in
411 2176 512 2239 sccula
543 2178 731 2256 seculorum,
763 2177 879 2240 Amen!
924 2178 967 2241 llli
995 2199 1087 2258 vero,
1117 2182 1145 2242 in
1177 2180 1284 2243 fiducia

155 2285 304 2369 patienter
327 2282 507 2359 tolerantes,
539 2281 654 2362 gloriae
677 2290 707 2345 et
729 2283 851 2346 honoris
875 2282 1023 2345 haeredes
1047 2283 1113 2346 lacti
1138 2292 1223 2363 sunt,
1254 2291 1284 2347 ct

155 2389 262 2451 aDeu
292 2387 411 2450 exaltati
442 2393 473 2449 et
496 2384 647 2470 ⁵gratiosi
679 2394 748 2451 sunt
780 2380 878 2451 ellecti
909 2390 939 2449 in
969 2390 1111 2451 memoria
1139 2390 1283 2473 ipsorum,

156 2496 188 2557 in
212 2493 314 2556 secula
336 2491 517 2571 seculorum,
541 2491 655 2555 Amen!

155 2683 256 2748 xuvt
301 2682 536 2746 Adhaereumns
552 2685 661 2763 justis.
704 2682 872 2747 Dissensio
895 2694 1000 2748 cestro
1018 2688 1204 2765 pernicioso
1226 2694 1282 2749 eat.

243 2806 361 2868 Talibus
385 2806 475 2888 igitur
499 2804 643 2885 exemplis
667 2811 697 2866 et
719 2822 774 2867 nos
798 2806 962 2869 adhaerere
993 2814 1129 2890 oportet,
1163 2807 1281 2869 iratres.

154 2910 301 2992 Scriptum
329 2910 406 2972 enirn
434 2915 496 2971 est:
531 2906 686 2971 ⁶Snnctis
712 2928 770 2971 cos
797 2900 978 2990 hojonpite,
1009 2913 1102 2993 puin,
1134 2914 1187 2992 qui
1216 2912 1281 2973 illis

154 3014 343 3094 adhaerent,
372 3012 662 3093 sanctificabuntur.
715 3012 748 3075 Et
781 3032 886 3076 rursus
917 3016 945 3075 in
977 3016 1034 3077 alio
1065 3016 1149 3078 loco:
1186 3010 1282 3078 'cnm

92 3138 95 3143 ·
153 3120 225 3182 ciro
249 3120 415 3183 innocente
438 3119 588 3180 innocens
612 3117 691 3193 cris,
725 3127 754 3178 et
784 3137 852 3178 cum
882 3121 977 3181 electo
1000 3121 1114 3180 electus
1137 3120 1218 3193 eris,
1251 3127 1283 3179 et

155 3242 225 3284 cnm
252 3242 403 3302 perverso
427 3222 627 3303 perverteris.
675 3219 774 3294 Quare
806 3222 1013 3285 innocentibus
1041 3228 1070 3283 et
1096 3224 1185 3305 justis
1204 3224 1281 3304 jun·

156 3345 262 3412 gamus
290 3347 365 3404 nos;
399 3329 419 3389 ii
448 3328 524 3388 enim
559 3331 628 3387 sunt
660 3325 747 3386 elccti
780 3325 842 3386 Dei.
895 3320 985 3386 ⁸Cur
1016 3326 1092 3386 inter
1126 3344 1181 3387 vos
1212 3331 1281 3387 sunt

156 3434 378 3511 contentiones,
401 3433 474 3508 irae,
498 3429 712 3505 dissensiones,
736 3428 895 3489 schismata
917 3435 948 3490 et
965 3428 1099 3489 trellum?
1145 3424 1280 3491 ⁹Noone

155 3554 247 3599 unum
278 3536 372 3598 Deum
406 3541 435 3596 et
465 3552 553 3596 unum
588 3532 735 3594 Christum
768 3530 936 3592 hahemus?
981 3532 1089 3594 Nonne
1124 3550 1199 3593 unus
1233 3538 1280 3595 est

160 3636 183 3676 ¹⁰
194 3641 321 3723 Spiritus
341 3639 466 3721 gratiae,
489 3638 539 3718 qui
562 3655 654 3717 super
677 3655 733 3698 nos
758 3635 869 3697 cllusus
893 3643 949 3714 est,
974 3644 1002 3698 et
1027 3657 1083 3699 nna
1108 3637 1224 3698 vocatio
1248 3638 1279 3698 in

155 3744 300 3806 Christo?
346 3743 406 3805 Cur
437 3741 601 3803 divellimus
635 3747 665 3801 et
697 3740 893 3820 discerpimus
927 3743 1057 3803 membra
1091 3742 1216 3818 Christi,
1250 3745 1280 3802 ct

153 3854 259 3910 contra
282 3848 432 3929 proprium
456 3862 565 3926 corpus
589 3843 767 3905 seditionem
792 3863 955 3922 movemus,
980 3864 1077 3925 eoque
1105 3842 1279 3907 ¹¹vesaniae

154 3953 340 4029 devenimus,
364 3957 395 4013 ut
418 3950 492 4012 alios
510 3949 635 4011 aliorum
652 3949 782 4009 membra
800 3966 869 4008 essa
886 3948 1121 4011 obliviscamur?
1159 3948 1279 4008 Recor-

155 4056 264 4117 damini
287 4055 447 4117 verborum
464 4054 536 4115 lesu
556 4054 671 4114 llomini
696 4041 811 4113 nostri.¹
836 4052 915 4113 Dixit
931 4055 1025 4114 enim:
1052 4051 1146 4116 ¹²cuc
1161 4051 1279 4115 honrini

155 4161 225 4221 itti!
268 4158 389 4224 Bonum
411 4168 481 4221 erut
504 4160 543 4233 ei,
567 4157 596 4218 si
620 4165 712 4217 notus
735 4174 798 4216 non
819 4154 942 4232 suisset,
965 4176 1057 4236 qnam
1072 4166 1106 4217 ut
1125 4177 1218 4217 unum
1238 4176 1279 4218 en

154 4263 261 4324 electis
284 4264 360 4323 mets
382 4264 634 4332 scandalizarem
665 4260 777 4320 melius
800 4269 882 4336 erut,
916 4270 950 4321 ut
977 4264 1005 4322 ei
1031 4262 1114 4323 motu
1143 4263 1279 4322 circnm-

155 4403 235 4453 cren
256 4402 330 4452 Alex.
350 4398 443 4450 strom.
457 4398 487 4463 V,
501 4397 526 4448 8.
545 4413 570 4464 p.
584 4397 642 4449 657.
663 4396 703 4448 ed.
753 4400 798 4454 tlt
819 4395 869 4447 Cir.
890 4413 963 4464 supra
984 4415 1005 4447 c.
1030 4399 1049 4447 t.
1070 4416 1094 4465 p.
1114 4398 1155 4446 52.

154 4484 220 4537 Pott.
240 4485 330 4537 Vener.
751 4485 795 4549 12)
816 4484 890 4547 Quod
909 4486 1017 4551 antiquis
1032 4500 1081 4533 non
1095 4484 1208 4534 insolens
1222 4484 1278 4546 luit,

189 4575 220 4628 7»
242 4572 280 4623 Pa.
305 4573 344 4623 17.
365 4572 406 4622 26.
427 4572 468 4623 27.
731 4571 807 4620 multa
837 4574 979 4620 testimonia
1005 4569 1122 4620 (lemarus
1151 4572 1173 4619 in
1202 4584 1278 4618 unum

187 4659 218 4725 8)
238 4657 289 4709 sir.
309 4657 363 4710 Jnc.
383 4661 409 4722 Ι,
431 4658 452 4710 Ι.
731 4657 874 4723 conjungit:
893 4674 984 4723 uernpe
999 4657 1083 4707 ilntth.
1098 4656 1140 4715 26,
1154 4655 1196 4704 2l.
1219 4652 1277 4704 Luc.

187 4744 285 4800 siclt.
307 4744 540 4812 sponna-6.
734 4745 773 4805 ΙΙ,
794 4745 817 4794 2.
855 4742 939 4793 hlatth.
966 4745 1009 4806 itt,
1032 4746 1056 4793 o.
1094 4739 1277 4801 statana.

172 4831 218 4893 1οΙ
238 4830 293 4882 lluc
311 4832 343 4881 de
362 4834 436 4882 tertia
455 4847 563 4898 persona
583 4830 627 4881 SS.
644 4830 702 4881 Tri·
731 4832 827 4880 Corrn.
853 4829 966 4879 sitnrrtnr
979 4830 1069 4879 cortem
1083 4844 1096 4876 a
1110 4830 1190 4879 Clean·
1202 4828 1278 4878 illex.

153 4920 239 4969 uitatis
257 4918 368 4984 explicet
387 4924 456 4982 lites,
478 4916 701 4989 llnym.(1'eaech.l.
730 4916 822 4966 Strorn.
843 4915 883 4979 ΙΙΙ,
908 4920 944 4965 ta.
964 4931 988 4981 p.
1009 4915 1067 4962 nor.

152 5020 178 5071 p.
187 5004 248 5056 210,
268 5003 320 5056 Cir.
333 5021 407 5073 supra
421 5021 442 5056 c.
451 5006 492 5055 ts.
505 5004 701 5072 paturiens.
