3067 6450
282 1167 347 1233 328
527 1158 666 1214 HEllllAll
683 1155 821 1212 seston.
857 1153 954 1209 llBlill
970 1154 990 1208 l.
1027 1154 1113 1209 visto
1131 1155 1163 1209 ll.

282 1342 410 1406 cumque
432 1322 584 1387 sustinetis
607 1337 777 1404 pressuram
803 1318 1065 1400 supervenientem
1093 1333 1247 1400 magnam,
1281 1321 1312 1377 et
1342 1316 1409 1397 qui-

283 1446 411 1509 cumque
434 1446 493 1491 non
516 1427 673 1510 negaverit
695 1424 783 1486 vitam
805 1440 897 1486 suam.
943 1422 1060 1485 duravit
1083 1421 1161 1483 enim
1185 1418 1337 1482 Dominus
1358 1438 1411 1501 per

284 1531 388 1594 Filium
410 1549 515 1594 suum:
545 1529 620 1611 ¹qui
644 1528 860 1610 denegaverint
881 1528 984 1590 Filium
1008 1534 1039 1589 et
1063 1523 1140 1605 ²sa,
1162 1521 1409 1606 ³despondentes

284 1653 367 1699 suam
394 1635 501 1715 vilem,
532 1634 573 1696 illi
597 1633 704 1714 stipsi
728 1631 904 1714 denegaturi
926 1636 995 1694 sunt
1016 1630 1097 1692 illum
1126 1630 1156 1691 in
1179 1628 1408 1692 advenientibus

284 1737 398 1800 diebus.
442 1738 464 1800 li
497 1742 612 1815 aulem,
646 1737 696 1817 qui
728 1754 886 1818 numquam
920 1734 1154 1819 denegaverint,
1191 1734 1232 1797 ob
1263 1729 1408 1795 tainum

283 1839 516 1902 misericordiam
539 1839 684 1921 propitius
709 1838 805 1901 lactus
828 1847 875 1901 est
897 1839 983 1901 illis.“

372 1943 417 2005 ΠΙ.
457 1944 520 2023 „lu
541 1949 648 2022 autem,
671 1942 789 2022 llerma,
811 1943 872 2006 noli
894 1944 1064 2006 meminisse
1085 1941 1261 2025 injuriarum
1286 1942 1409 2006 liliorum

284 2055 413 2128 tuorum,
436 2046 490 2110 sed
513 2066 571 2109 nec
595 2045 758 2110 lsororem
782 2053 859 2110 tuam
882 2048 1035 2131 negligam
1058 2045 1112 2108 sed
1136 2064 1227 2124 cura,
1250 2052 1284 2108 ut
1308 2064 1408 2108 emen-

286 2150 393 2213 dentur
414 2170 431 2213 a
453 2151 585 2231 pristinis
608 2152 748 2233 peccetis.
793 2150 975 2215 Erudieutur
1004 2152 1084 2213 enim
1117 2149 1253 2213 doctrina
1285 2150 1359 2229 ists,
1387 2151 1410 2212 si

285 2260 316 2317 tu
335 2256 397 2337 jam
420 2272 480 2317 non
502 2254 595 2321 lucris
618 2272 733 2318 mernor
755 2256 881 2338 injuriae
904 2255 1030 2318 illorum.
1076 2254 1220 2316 liemoria
1252 2255 1335 2315 enim
1365 2254 1407 2317 iu-

283 2360 427 2442 juriarum
451 2365 575 2421 mortem
598 2364 756 2442 operatur,
780 2359 891 2422 oblivio
914 2377 988 2422 vero
1011 2377 1122 2423 earum,
1138 2358 1229 2419 vitam
1251 2364 1406 2421 aeternam

286 2464 333 2526 Tu
356 2471 470 2543 autem,
499 2464 623 2542 llerma,
652 2482 775 2548 magnas
798 2459 1032 2527 ⁶tiibulatioues
1061 2461 1216 2525 seculares
1247 2463 1406 2525 sustinuisti

287 2573 410 2648 propter
432 2549 704 2648 praevaricationes
727 2567 833 2632 domus
856 2577 941 2647 tuae,
974 2568 1112 2649 quoniam
1142 2565 1225 2645 illas,
1256 2572 1292 2628 ut
1322 2567 1359 2629 ad
1383 2574 1406 2628 le

288 2669 364 2731 nihil
383 2670 585 2750 pertinentes,
608 2671 786 2753 neglexisti,
814 2677 843 2734 et
865 2672 895 2734 in
919 2671 1171 2755 negotiationibus
1194 2670 1253 2732 tuis
1278 2671 1406 2753 malignis

288 2770 445 2852 implicitus
470 2791 512 2835 es.
558 2775 616 2838 Sed
640 2774 709 2837 illud
733 2782 763 2838 te
785 2776 899 2840 salvum
922 2776 1019 2855 laniet,
1046 2774 1126 2856 quod
1152 2792 1213 2837 non
1238 2774 1407 2837 discesseris

174 2922 187 2958 ,
289 2875 389 2938 aDeo
404 2876 484 2939 vivo.
532 2871 593 2940 ²Et
615 2879 786 2961 simplicitas
809 2888 858 2944 tua
882 2887 912 2942 et
927 2879 1085 2963 singularis
1102 2879 1288 2942 continentia
1304 2879 1407 2941 salvum

291 2976 401 3042 lacient
422 2986 462 3058 te,
484 2980 509 3041 si
532 2984 743 3062 permanseris.
788 2983 824 3045 Et
847 3002 951 3048 omnes
973 2985 1074 3047 salvos
1095 2983 1215 3062 sacient,
1239 2984 1407 3063 quicumque

290 3084 496 3167 hujuscemodi
520 3095 691 3168 operantur,
716 3094 746 3150 et
768 3089 976 3175 ingrediuntur
998 3089 1027 3150 in
1051 3089 1221 3151 innocentia
1241 3091 1280 3150 'et
1301 3086 1407 3169 simpli·

290 3189 387 3252 nitate.
435 3189 484 3269 lli,
521 3191 572 3271 qui
598 3190 766 3275 hujusmodi
799 3200 883 3273 sunt,
918 3194 1101 3258 invalescent
1133 3190 1282 3255 adversus
1314 3207 1404 3255 omnes

289 3297 452 3376 nequitias,
485 3304 514 3358 et
536 3298 752 3378 permanebunt
775 3302 805 3363 in
828 3301 916 3363 vitam
945 3302 1105 3362 aeternam.
1150 3296 1269 3359 Felices
1300 3311 1404 3371 omnes,

290 3401 340 3479 qui
353 3409 513 3481 operantur
523 3402 684 3483 justitiam;
700 3421 760 3465 non
774 3405 967 3466 absumentur
981 3397 1099 3483 ⁸usque
1111 3402 1142 3464 in
1153 3401 1243 3464 vitam
1253 3408 1403 3463 aeternam

290 3503 380 3566 Dices
409 3512 522 3567 autem:
558 3500 659 3568 ⁹ecce
689 3525 795 3590 magna
828 3508 974 3571 tribulatio
1005 3507 1097 3569 venit.
1143 3504 1173 3569 st
1205 3504 1257 3567 tibi
1288 3504 1402 3577 videtur,

325 3678 354 3740 1)
369 3675 405 3729 lta
415 3693 472 3729 cum
483 3676 585 3746 Augero
595 3678 730 3747 (synopsis
739 3679 838 3748 Evaug.
898 3680 929 3747 t)
946 3682 1035 3735 Ninaia
1047 3677 1114 3730 idem
1126 3676 1208 3742 velet,
1221 3675 1292 3746 quod
1304 3691 1401 3731 mna

288 3780 314 3831 p.
334 3763 380 3831 92)
408 3763 542 3832 legendum
569 3773 645 3832 puto,
677 3767 718 3833 qui
747 3766 839 3817 codice
866 3769 950 3817 Oxou.
969 3770 1046 3818 Earn.

289 3847 415 3920 Drcsden.
439 3865 498 3899 usus
525 3857 572 3900 est.
608 3849 700 3900 Textus
719 3860 839 3920 receptus
901 3852 929 3919 5)
948 3850 967 3902 l.
987 3867 1010 3904 e.
1031 3868 1155 3905 uxerem.
1192 3846 1246 3901 Cir.
1266 3864 1323 3917 cap.
1341 3853 1402 3899 sult-

288 3933 381 3985 habet:
401 3938 445 4003 que·
463 3938 628 4002 denegaverit
640 3938 742 3988 Filium
760 3948 785 3991 et
799 3955 839 4001 se,
866 3937 962 3990 cedens
981 3953 1005 4005 p.
1025 3936 1084 3988 32⁷.
1102 3944 1154 3988 not.
1173 3936 1200 3987 5.

290 4023 447 4088 spondentes
465 4024 596 4073 scottum
614 4022 755 4074 illinsetc.
787 4020 839 4075 cn.
901 4024 930 4087 6)
949 4022 1084 4091 Cir.rupra
1094 4018 1402 4089 sinuspassnnt.

291 4104 377 4156 llatth.
401 4105 442 4170 10,
461 4106 503 4156 ³3.
901 4110 930 4174 'lt
950 4111 989 4162 Ex
1011 4105 1160 4161 immodesta
1184 4107 1236 4159 leuc
1253 4106 1331 4159 laude
1350 4120 1402 4158 nos·

326 4192 354 4254 2)
374 4190 393 4242 l.
411 4208 433 4242 c.
452 4190 560 4244 Patrem.
866 4196 929 4247 nulli
952 4197 1001 4248 viri
1025 4194 1094 4247 docti
1116 4194 1274 4246 authentiam
1295 4193 1351 4247 libri
1365 4207 1403 4244 ne-

326 4278 354 4341 3)
376 4282 572 4348 Respondentes
592 4284 674 4335 eitum
693 4299 771 4336 sunm
789 4290 839 4333 etc.
866 4290 966 4351 gerunt.
1001 4279 1053 4332 cn.
1072 4279 1124 4331 llis.
1143 4278 1199 4343 t‚2
1222 4287 1250 4331 et
1268 4284 1404 4335 Jaetnm

290 4386 324 4415 =
345 4366 390 4433 qui,
414 4373 529 4433 tempore
556 4370 740 4434 persecutionis
764 4368 840 4422 fldem
868 4368 884 4419 l.
910 4384 933 4420 c.
961 4383 986 4435 p.
1011 4367 1054 4418 25.
1101 4365 1208 4417 llermss
1238 4382 1302 4420 vere
1332 4375 1358 4418 et
1380 4378 1403 4413 tt

292 4452 534 4520 abnegantesvitam
545 4469 615 4504 suam
626 4470 710 4506 verum
722 4453 840 4522 perdunt,
868 4453 981 4523 profert,
1007 4468 1072 4521 quae
1090 4453 1138 4520 ipsi
1156 4467 1208 4504 nou
1227 4460 1334 4520 pessunt
1350 4447 1402 4503 usti

291 4539 307 4588 ii
326 4540 401 4589 etism
420 4554 434 4587 e
453 4536 527 4590 Patre
547 4540 649 4607 liliaque
668 4539 840 4609 denegabun-
869 4556 934 4591 esse.
970 4539 1022 4590 llis.
1041 4536 1085 4603 lll‚
1106 4538 1129 4589 1.
1146 4537 1171 4590 2.

292 4632 340 4676 tur.
369 4653 403 4662 —
432 4623 482 4676 Clr.
502 4625 554 4677 lib.
574 4625 615 4678 lll.
634 4625 714 4677 Simil.
733 4625 777 4691 lli,
798 4627 841 4678 28.
902 4624 968 4691 e)1.
988 4641 1011 4677 e.
1036 4642 1090 4678 nen
1107 4626 1245 4693 peilam,
1269 4632 1295 4677 st
1311 4638 1400 4693 pctus·

292 4708 396 4760 'sextum
433 4719 581 4778 receptum:
618 4715 777 4780 spondentes
812 4730 842 4766 se
868 4716 965 4766 natant
982 4715 1011 4765 s'n
1029 4715 1112 4765 eitsss
1130 4719 1273 4764 samm.

292 4799 373 4847 eitum
392 4799 478 4861 itlius,
498 4798 531 4847 ita
545 4796 676 4864 explices:
696 4796 844 4869 qnilPster
904 4796 933 4859 9)
957 4796 1077 4849 Fortasse
1111 4795 1204 4864 sliquis
1238 4793 1398 4864 respondebit:

294 4888 318 4929 et
338 4880 428 4947 Filius]
453 4887 609 4951 premittunt
632 4894 656 4937 et
675 4888 843 4950 mantuane,
870 4882 997 4952 morundo
1020 4883 1105 4935 firmus
1129 4897 1187 4933 esse
1205 4890 1298 4949 potero
1315 4884 1339 4933 in
1355 4876 1398 4937 ida

293 4968 367 5040 ipsos
386 4984 447 5029 esse
465 4972 546 5030 eitam
565 4973 706 5026 numinum.
870 4985 927 5021 cum
945 4984 1038 5044 magn
1055 4969 1202 5044 persecutio
1220 4966 1317 5022 instet?
