3067 6450
393 1214 586 1272 neumatum
604 1215 631 1269 S.
650 1212 840 1270 POLYCARPI.
860 1216 913 1271 XV.
932 1214 997 1273 XVI.
1193 1212 1258 1286 289

131 1380 277 1457 (bristo,
313 1380 429 1447 dilecto
461 1388 512 1443 tuo
539 1380 625 1460 filio,
658 1398 725 1442 cum
755 1399 816 1462 quo
847 1380 903 1442 tibi
933 1388 963 1443 et
988 1380 1122 1459 Spiritui
1150 1387 1260 1443 sancto

127 1487 247 1566 glorio,
273 1492 304 1547 ct
324 1504 408 1547 nuno
430 1494 461 1547 et
482 1487 516 1547 in
538 1483 651 1563 futura
674 1485 790 1548 secula.
836 1484 943 1548 Amen.

368 1677 429 1740 XV.
475 1677 672 1760 Polycarpum
696 1679 766 1758 igne
789 1695 854 1740 non
876 1677 1021 1739 laeditur.

220 1801 257 1864 Et
278 1808 436 1882 postquam
456 1797 553 1862 Amen
577 1801 733 1879 emisisset,
756 1801 1021 1881 precationemque
1042 1799 1261 1880 complevisset,

130 1907 256 1969 ministri
291 1906 370 1989 ignis
403 1904 503 1985 ignem
539 1905 750 1967 accenderunt.
797 1903 868 1965 Cum
903 1921 976 1965 vero
1010 1903 1117 1985 ingens
1147 1904 1262 1965 flamma

131 2013 300 2087 emicasset,
323 2007 439 2091 grande
462 2009 635 2071 miraculum
660 2008 797 2086 vidimus,
820 2023 888 2084 nos,
911 2007 1018 2087 quibus
1036 2007 1107 2071 iliud
1124 2013 1262 2089 spectare

131 2132 309 2178 concessum
333 2112 398 2191 tuit,
421 2113 471 2192 qui
495 2118 525 2175 et
547 2113 616 2176 ideo
632 2113 779 2176 reservati
795 2129 908 2190 sumus,
931 2118 963 2174 ut
984 2113 1060 2192 aliis,
1082 2131 1159 2195 quae
1182 2130 1262 2176 con-

131 2221 274 2304 tigerunt,
297 2219 547 2282 annuntiaremus.
595 2218 699 2302 'ignis
717 2220 794 2281 enim
811 2216 935 2279 fornicis
951 2218 1083 2299 speciem
1102 2218 1262 2301 praebens,

130 2330 271 2403 tanquam
294 2324 379 2387 nevis
403 2325 502 2387 velum
528 2341 543 2384 e
567 2329 659 2386 vento
683 2323 839 2403 repletum,
863 2323 892 2384 in
915 2322 1028 2385 circulo
1051 2341 1160 2403 corpus
1179 2340 1263 2384 mar·

131 2430 207 2512 tyris
230 2429 439 2506 circumdedit3
471 2429 569 2511 quod,
602 2430 631 2492 in
657 2429 754 2492 medio
778 2428 924 2508 positum,
958 2446 1018 2491 non
1046 2434 1078 2490 ut
1101 2445 1171 2490 curo
1195 2443 1262 2489 assa

131 2534 298 2612 videbatur,
322 2536 376 2597 sed
402 2535 494 2598 vetuti
517 2534 602 2617 panis
625 2540 740 2612 coctus,
766 2533 814 2595 vel
836 2535 913 2595 sicut
933 2551 1037 2595 aurum
1058 2537 1088 2594 et
1107 2539 1262 2614 argentum

131 2643 162 2703 in
187 2639 311 2701 iomace
333 2639 475 2703 candens.
521 2641 643 2702 Tantam
666 2646 765 2701 autern
789 2656 844 2701 nos
867 2639 1057 2719 percepimus
1086 2636 1263 2698 suavitatem

132 2740 268 2821 ’odorio
279 2762 315 2807 ac
327 2746 353 2806 si
363 2745 433 2808 tbus
445 2742 582 2808 autaliud
591 2744 1119 2826 quoddampretiosorumaromatum
1129 2741 1263 2804 cluisset.

342 2935 417 2998 xvt.
463 2934 659 3019 Polycarpus
684 2937 824 3016 pupione
852 2938 1054 3017 transfigitur.

220 3058 352 3122 Tandem
384 3059 477 3139 igitur
507 3063 666 3121 cernentes
701 3059 844 3139 improbi,
877 3075 989 3139 corpus
1023 3058 1089 3138 ejus
1123 3055 1160 3117 ab
1193 3055 1264 3137 igne

132 3181 193 3228 non
226 3181 317 3245 posse
346 3163 499 3242 consumi,
527 3165 683 3246 jusserunt
705 3159 938 3227 ³conlectorem
969 3161 1092 3244 propius
1115 3158 1263 3221 accedere

132 3271 327 3352 pugioneuue
350 3286 417 3330 eum
440 3268 627 3350 transigere.
674 3267 760 3342 Quod
789 3285 857 3329 cum
886 3268 936 3330 ille
966 3267 1104 3344 iecisset,
1134 3262 1264 3326 evolavit

132 3370 145 3410 ⁴
158 3372 296 3445 columba
313 3378 343 3435 et
358 3371 474 3435 eiiluxit
489 3378 567 3435 tanta
583 3373 738 3456 sanguinis
754 3374 851 3453 copia,
875 3378 907 3435 ut
922 3374 1021 3456 ignem
1041 3355 1260 3452 exstingueret,

131 3482 225 3557 utque
253 3478 394 3540 universa
425 3476 511 3558 plebs
540 3477 714 3554 miraretur,
749 3483 859 3540 tantum
890 3494 960 3540 esse
993 3476 1152 3538 discrimen
1183 3459 1287 3533 inter

131 3579 271 3643 infideles
293 3588 324 3644 et
346 3581 478 3659 electos;
501 3600 628 3662 quorum
651 3599 728 3644 unus
750 3581 798 3644 bic
822 3579 902 3643 ⁶iuit
924 3581 1050 3644 maxime
1071 3577 1260 3642 admirandus

131 3690 244 3765 martyr
257 3684 450 3768 Polycarpus,
474 3688 524 3766 qui
547 3688 657 3751 nostris
681 3686 863 3768 temporibus
882 3686 1063 3768 apostolicus
1079 3690 1108 3745 et
1123 3679 1260 3764 propbe-

130 3791 208 3853 ticus
232 3788 338 3853 doctor
361 3792 483 3870 exstitit,
506 3799 596 3873 etque
618 3790 782 3855 catholicae
808 3791 955 3862 ecclesiae
969 3786 1167 3872 ¹Smprnensia
1191 3782 1260 3865 epi-

131 3935 186 3992 tur,
215 3925 337 3979 lectorem
368 3928 511 3997 quempiam
542 3930 568 3979 in
598 3929 682 3980 animo
710 3930 734 3980 in
750 3928 887 3997 epitaphiis
906 3937 955 3981 etc.
974 3925 1260 3996 ssepsdepingsbatur,

131 4013 266 4078 babuisse,
303 4013 334 4065 sd
366 4029 435 4066 oram
465 4015 561 4069 codicis
578 4023 683 4077 ,notare
710 4029 760 4083 quo
780 4014 886 4083 lactum,
913 4023 940 4067 ut
958 4024 1099 4083 temporum
1123 4028 1261 4082 progressu

131 4100 218 4152 locum
243 4099 384 4167 epistolss,
411 4099 454 4154 ubi
479 4103 587 4153 animam
611 4117 682 4154 susm
710 4101 744 4153 le
762 4100 848 4153 multis
861 4100 1012 4168 llsrtpribus
1030 4100 1097 4151 ismu
1112 4099 1260 4169 divulgare-

86 4243 91 4256 ,
131 4185 232 4238 elllsvit
249 4183 274 4238 b.
288 4184 460 4256 Polycarpum
479 4187 600 4257 ideoque,
618 4189 683 4239 mori
711 4196 760 4253 tur,
770 4190 883 4255 ipsorum
896 4190 991 4239 unimus
1003 4186 1050 4239 sub
1062 4187 1149 4254 specis
1159 4184 1261 4239 colum·

132 4272 261 4326 ecclesius
287 4275 382 4325 veteris
404 4274 568 4340 obsecutum,
592 4289 683 4327 vocem
711 4275 798 4326 barum
817 4289 832 4324 s
852 4272 1001 4341 corporibus
1018 4274 1121 4325 mortuis
1133 4271 1260 4324 evolasse.

130 4353 257 4424 περιστεραὶ
286 4360 393 4427 margini
424 4361 604 4430 adscripsisse,
635 4377 683 4430 qus
712 4358 763 4412 cfr.
783 4362 934 4428 Dillinper,
961 4358 1083 4428 Hippolyt
1106 4366 1155 4410 etc.
1185 4355 1260 4409 185³.

131 4441 231 4497 scillcet
250 4445 417 4513 significarat,
439 4448 546 4499 unimam
565 4445 594 4499 B.
614 4446 682 4499 biur-
711 4462 734 4514 p.
748 4445 791 4496 63.
807 4474 836 4483 -
851 4444 926 4498 Nolts
939 4444 1057 4511 conjicit:
1075 4443 1158 4508 ἒξῆιθε
1172 4443 1262 4508 περί-

132 4531 196 4597 tyris
212 4530 259 4583 illo
271 4535 393 4600 temporis
405 4543 535 4598 momento
548 4549 563 4585 s
576 4548 684 4601 corpore
711 4553 729 4581 n
737 4550 813 4599 upa
825 4531 926 4595 αἳματος
937 4529 999 4581 nari
1011 4532 1103 4595 πλῆθος
1115 4552 1151 4578 =
1165 4532 1260 4582 scin-

131 4616 684 4688 iiberstsm,subcolumbssspsciesdcos·
711 4619 872 4676 tilluruss
906 4623 996 4674 instar
1029 4620 1143 4688 ampula
1175 4633 1260 4686 spar-

131 4703 324 4757 transvolasse.
348 4704 526 4759 columbarum
539 4709 684 4759 enimims·
711 4711 821 4778 petatur
846 4726 945 4763 sersus
972 4707 1171 4759 ntultitulinsm.
1209 4700 1260 4754 Cir.

131 4792 205 4858 ginss
230 4793 306 4843 stium
325 4790 521 4845 Christianorum
542 4792 684 4862 sepulchris
713 4793 811 4848 Cantic.
831 4796 920 4847 cantic.
939 4793 966 4859 8,
985 4792 1009 4843 6.

132 4867 518 4946 bsqneumrexreutpmuunt.
540 4883 683 4930 Jnconsos.
748 4883 777 4949 5)
808 4881 843 4932 lta
873 4877 1032 4931 lucobsonus
1068 4891 1082 4926 e
1119 4873 1260 4926 codicibus.

132 4962 221 5033 lngo
241 4962 373 5017 columbus
387 4964 455 5032 apud
468 4971 572 5017 soteres
584 4967 685 5034 riguum
713 4965 913 5036 Plusqusmperl.
927 4966 980 5017 sine
994 4969 1131 5031 augmento
1146 4968 1173 5012 ut
1184 4974 1262 5029 suprs

133 5059 189 5105 esst
212 5052 314 5105 animas
333 5065 350 5104 s
367 5065 478 5120 corporo
502 5052 635 5122 migrsutb
660 5059 687 5103 et
713 5067 736 5105 e.
756 5053 797 5105 12.
825 5051 898 5120 Vntg.
916 5054 1021 5119 γέγονεν.

184 5156 251 5198 m
263 5161 328 5208 ιμι,
343 5154 382 5197 ιι.
397 5156 432 5198 m.
1013 5134 1053 5203 19
