3067 6450
198 1187 276 1242 neu
636 1176 891 1232 enoteoonenn
1136 1174 1326 1246 [ertsroatr

199 1350 294 1413 ritatis
317 1345 510 1430 opprobrium
533 1342 646 1418 attinet,
670 1338 698 1401 id
715 1337 752 1400 de
770 1338 919 1420 corruptis
935 1336 1110 1418 praesertim
1128 1338 1208 1402 loeis
1226 1337 1327 1402 dictur

201 1462 298 1536 putes,
322 1452 428 1533 quibus
451 1448 626 1529 saepissime
650 1443 763 1506 medela
787 1449 887 1524 potest
909 1443 1008 1505 afferri
1029 1437 1067 1525 ¹).

288 1554 325 1641 c)
348 1557 468 1619 Testem
486 1570 605 1634 quoque
621 1551 774 1631 antiquum
791 1566 865 1611 suae
883 1547 1030 1627 opinionis
1053 1544 1175 1609 adducit
1190 1548 1329 1630 lleierns,

203 1663 373 1726 Chronicon
399 1660 466 1722 dico
482 1654 633 1733 Pasobale‚
656 1653 840 1734 temporibus
857 1651 1021 1714 Constantii
1043 1652 1238 1735 imperatoris
1260 1675 1330 1720 coa·

201 1768 343 1848 scripturn
367 1760 424 1847 (ad
447 1783 473 1826 a.
496 1763 531 1825 Ι).
556 1758 607 1823 32.
632 1777 659 1840 p.
676 1756 749 1822 tto.
774 1756 838 1819 Vol.
855 1755 875 1818 l.
900 1755 946 1818 ed.
964 1755 1057 1818 Bonn.
1078 1753 1195 1840 1832),
1222 1762 1254 1822 in
1277 1778 1330 1842 quo

163 1883 167 1886 ’
201 1871 348 1953 longioris
365 1867 551 1932 recensionis
567 1865 652 1927 locus
677 1858 961 1945 [ad'lrall.o.10)
984 1860 1126 1923 laudatur.
1168 1865 1231 1928 Sed
1257 1867 1331 1929 anti·

202 1978 325 2057 quiores
348 1976 435 2038 nobis
458 1978 552 2035 testes
574 1974 696 2050 praesto
719 1974 799 2046 sunt,
823 1965 969 2028 Eusebius
982 1961 1015 2050 ²)
1039 1972 1069 2028 et
1091 1965 1280 2033 Athanasius
1295 1966 1332 2054 ⁸),

203 2083 311 2162 quibus
335 2080 505 2143 breviorem
528 2073 738 2138 recensionem
761 2071 797 2134 ad
822 2089 926 2134 nianus
948 2071 1042 2134 luisse
1065 2072 1135 2135 inde
1157 2072 1250 2137 lacile
1272 2076 1333 2138 col·

202 2186 290 2268 liges,
315 2183 394 2265 quod
419 2182 510 2244 verba
534 2179 570 2240 ab
594 2179 666 2260 ipsis
689 2177 776 2239 citata
801 2177 830 2237 in
854 2177 987 2238 breviori
1009 2183 1130 2257 tantum,
1154 2197 1217 2242 non
1241 2198 1334 2260 aequo

203 2290 233 2353 in
256 2288 386 2369 longiori
411 2285 603 2349 inveniuntur
626 2283 805 2345 recensione
823 2277 864 2366 ⁴).

292 2389 330 2475 d)
355 2392 490 2471 Denique
512 2390 541 2450 in
565 2388 696 2472 longiori
712 2388 892 2450 recensione
908 2391 1028 2467 praeter
1049 2388 1224 2471 episcopoS,
1249 2406 1351 2472 pres·¹

203 2499 330 2580 byteros
347 2503 378 2558 et
394 2496 536 2558 diaconos
552 2492 658 2573 reliqui
675 2510 798 2572 quoqne
815 2492 993 2554 clericorum
1010 2490 1133 2554 ordines
1145 2495 1335 2557 nominentur

206 2599 335 2683 (Philad.
359 2619 384 2662 c.
408 2595 445 2662 d:
468 2595 521 2661 καὶ
545 2585 563 2660 ὁ
586 2592 703 2671 λοιπός
725 2593 877 2682 κλῆρος),
900 2597 951 2677 qui
974 2596 1003 2661 S.
1026 2595 1130 2680 lgnatii
1154 2601 1335 2681 temporibus

206 2705 337 2768 nondum
362 2705 389 2765 in
419 2703 547 2766 ecelesia
574 2703 760 2766 exstiterunt.

296 2810 470 2873 breviorem
495 2827 570 2893 ergo
593 2809 802 2870 recensionem
825 2805 931 2871 merito
954 2806 1101 2891 longiori,
1130 2804 1336 2890 interpolatae,

208 2913 436 2997 praeferendam
459 2920 604 2995 putamus.

296 3018 341 3080 lll.
387 3018 484 3093 Quum
508 3036 525 3079 e
549 3017 680 3079 tenebris
704 3017 810 3078 iterum
833 3015 862 3077 in
886 3014 983 3078 lucem
1016 3014 1169 3096 prodirent
1194 3019 1337 3100 epistolae

209 3122 238 3187 S.
271 3122 391 3205 Ignatii,
426 3122 538 3202 primae
569 3122 698 3184 omnium
729 3119 864 3182 detectae
900 3126 930 3182 et
962 3122 1039 3204 typis
1076 3122 1242 3203 impressae
1275 3130 1339 3188 sunt

208 3228 327 3291 Parisiis
353 3226 435 3293 1195
460 3227 552 3291 salsae
577 3229 651 3290 istae
674 3234 736 3289 tres
760 3226 924 3310 epistolae,
953 3227 1043 3290 latine
1064 3234 1175 3290 tantum
1200 3232 1338 3313 scriptae,

208 3334 245 3396 ad
263 3334 293 3396 B.
310 3335 462 3416 Virginem
485 3351 543 3395 una
566 3340 596 3395 et
617 3332 653 3394 ad
671 3332 699 3396 S.
715 3332 862 3395 loannem
881 3332 965 3394 duae.
1011 3332 1071 3395 Cir.
1087 3351 1177 3413 supra
1195 3353 1223 3414 p.
1240 3334 1336 3397 XLlV.

207 3438 279 3502 Nro.
303 3438 335 3501 ll.
382 3440 489 3502 Tribus
522 3440 606 3502 annis
639 3445 708 3520 post
738 3438 878 3501 docebas
907 3437 1011 3499 Faber
1042 3436 1261 3516 Stepalenss'r,
1296 3439 1338 3501 bis

209 3530 360 3623 epistolis,
387 3545 494 3624 „quod
518 3545 650 3607 tenebris
675 3545 804 3606 omnium
829 3542 1021 3624 dignissimae
1044 3542 1180 3604 luerint“
1212 3545 1337 3620 omissis,

208 3647 345 3709 undecim
376 3649 449 3711 alias
482 3645 521 3731 (t
554 3650 745 3729 interpolatas
776 3655 806 3709 et
837 3645 858 3710 4
888 3645 998 3729 salsas)
1030 3665 1047 3708 e
1079 3647 1220 3708 versione
1246 3647 1338 3711 veteri

209 3749 296 3810 latina
331 3750 422 3811 edidit
452 3752 569 3813 Parisiis
597 3749 687 3815 1498.
734 3751 823 3814 Anno
854 3758 950 3813 autent
983 3749 1064 3816 1536
1092 3751 1337 3833 Symphorionas

211 3853 416 3932 Cbamperiar
438 3854 648 3937 lugdunensis
682 3856 735 3918 bas
767 3856 904 3918 aFabro
934 3855 1028 3918 editas
1059 3876 1124 3919 curn
1157 3858 1251 3920 tribus
1278 3859 1338 3920 aliis

210 3959 247 4020 ab
273 3958 322 4020 illo
346 3959 476 4039 rejectis,
500 3964 530 4020 et
553 3967 655 4040 quarta
680 3959 759 4040 (non
784 3962 887 4024 minus
903 3958 998 4043 falsa)
1020 3962 1057 4023 ad
1081 3962 1201 4023 blariem
1229 3962 1339 4025 Cassa·

211 4062 341 4140 bolitem,
366 4080 514 4143 nunquam
538 4072 606 4125 ante
630 4065 787 4146 publicata,
812 4065 859 4127 edi
883 4066 1014 4142 curari13
1046 4073 1136 4147 atque
1160 4068 1199 4129 ite
1224 4068 1339 4130 tendent

215 4163 254 4230 15
278 4166 381 4248 lgnatii
407 4168 551 4247 epistolae
574 4168 664 4231 latine
687 4173 874 4233 exstiterunt.

298 4269 463 4334 Duodecim
496 4290 596 4335 earum
632 4271 670 4354 (t
701 4276 894 4358 interpolatas
925 4282 956 4338 et
985 4274 1005 4339 5
1036 4270 1146 4358 falsas)
1182 4295 1200 4339 e
1235 4276 1339 4341 codice

249 4496 275 4558 1)
295 4498 377 4549 Arndt
404 4496 420 4548 l.
446 4513 468 4548 e.
497 4514 523 4565 p.
551 4496 702 4565 tte-ton
734 4507 761 4551 et
787 4501 847 4552 siori
866 4500 943 4551 modo
962 4507 1111 4568 argumenta
1126 4499 1339 4555 lleierienerra·

212 4585 310 4649 liotbe,
331 4582 348 4632 l.
367 4597 391 4633 c.
412 4599 436 4651 p.
456 4583 507 4634 756
520 4600 576 4654 sqq.
788 4590 824 4637 vit
854 4586 1129 4651 emeretensis,
1167 4590 1208 4656 qui
1247 4594 1340 4642 tbetira

246 4694 275 4764 2)
294 4694 355 4748 pm·
376 4694 438 4749 eccl.
458 4694 500 4761 pn,
519 4696 561 4749 35·
789 4688 891 4740 quoque
915 4676 1134 4741 argumentatione
1159 4674 1274 4727 breviori
1295 4691 1356 4743 re·-

247 4806 275 4868 3)
297 4805 336 4860 De
366 4808 465 4874 synodo
495 4808 573 4861 Arm
603 4818 630 4861 a
660 4810 760 4865 selenc·
789 4761 901 4859 cessioni
932 4761 1038 4828 originis
1066 4762 1210 4860 primitivae
1240 4761 1340 4861 laudere

789 4847 919 4897 vindicare
931 4848 1026 4909 studet,
1047 4854 1073 4897 et
1089 4848 1267 4914 interpolatam
1282 4851 1339 4900 edt-

212 4910 237 4962 μ’
257 4893 317 4945 ²9²⁸
336 4892 364 4946 T'
386 4893 405 4947 Ι·
424 4894 466 4946 ed*
485 4894 563 4948 Μ’·
584 4897 660 4950 ¹⁶2⁷·
789 4934 882 4983 tionem
901 4942 959 4983 ante
975 4932 1083 4984 medium
1096 4934 1211 4985 seculum
1224 4944 1339 5001 quartum

249 5014 277 5088 ll
298 5019 390 5093 llotbe,
409 5014 425 5068 l
446 5030 468 5069 c.
485 5031 511 5093 p.
531 5017 590 5078 ⁷42.
610 5018 669 5083 ⁷⁴³·
705 5017 760 5074 Fu·
789 5027 918 5071 exoratum
936 5033 995 5072 esse
1013 5027 1099 5090 negat,
1117 5036 1142 5095 p.
1161 5020 1275 5076 28-41.
