3067 6450
500 1188 522 1244 1.
539 1186 723 1243 cursoris
743 1190 788 1243 Ao
808 1191 882 1247 COR.
900 1191 949 1247 xt..
967 1191 1029 1247 xc1.
1268 1198 1331 1263 109

202 1351 323 1431 iacere,
354 1370 432 1433 quao
455 1369 512 1415 nos
534 1351 680 1414 Dominus
710 1354 827 1415 statutis
858 1355 1040 1436 temporibus
1063 1373 1211 1437 perngero
1232 1357 1329 1437 jussit.

202 1458 377 1521 Oblationes
406 1458 521 1520 scilicet
551 1463 580 1520 ct
612 1456 710 1519 cificio
741 1475 827 1520 sacra
858 1461 977 1541 portici,
1011 1478 1110 1540 noque
1146 1467 1259 1523 tenuero
1283 1463 1331 1525 vol

201 1564 372 1627 inordinate
394 1563 458 1625 tisri
482 1563 644 1644 praecepit,
667 1562 720 1624 sud
745 1565 860 1625 statutis
886 1565 1069 1644 turrinoriinus
1089 1573 1117 1627 ct
1138 1566 1229 1627 horis.
1275 1566 1330 1627 Ubi

201 1670 289 1731 etiam
314 1675 345 1730 et
367 1686 383 1729 a
407 1669 514 1750 quibus
537 1666 683 1730 celebrari
706 1669 778 1746 vuit,
803 1670 866 1750 ipsa
883 1671 1087 1732 excelsissima
1104 1690 1158 1733 sua
1178 1672 1330 1734 voluntate

200 1773 346 1852 definivit,
369 1779 400 1835 ut
421 1773 566 1856 religiose
589 1773 687 1835 omnia
710 1775 874 1836 secundum
899 1776 965 1856 ejus
990 1775 1206 1856 beneplacitum
1232 1776 1329 1838 adim·

199 1878 298 1960 pieta,
329 1884 452 1959 accepta
475 1883 577 1940 essent
600 1876 743 1939 voluntati
766 1880 841 1960 ejus.
888 1879 944 1953 Qui
969 1897 1044 1960 ergo
1069 1880 1228 1960 assignatis
1252 1887 1328 1943 tom-

200 1982 328 2063 poribus
352 1981 519 2045 obiationas
542 2001 612 2044 suas
636 1981 762 2060 iaciunt,
793 1986 907 2064 accepti
937 1990 967 2045 et
996 1984 1073 2045 beati
1100 1991 1186 2058 sunt;
1211 1984 1329 2048 Domini
1398 2022 1403 2027 -

200 2088 279 2149 enim
303 2085 438 2148 mandata
462 2094 625 2171 sequentes
648 2104 708 2148 uon
739 2087 888 2150 aberrant.
935 2090 1054 2152 Summo
1081 2089 1190 2169 quippo
1222 2107 1331 2151 sacar·

201 2192 262 2254 doti
293 2209 349 2253 sua
383 2210 505 2254 munera
540 2192 646 2253 tributa
681 2196 766 2269 sunt,
805 2192 1011 2255 sacerdotibus
1049 2190 1156 2253 ¹iocus
1190 2194 1330 2274 proprius

200 2296 372 2377 assignatus
407 2302 470 2373 est,
507 2303 538 2359 et
571 2295 683 2357 Levitis
717 2314 772 2358 sua
808 2298 967 2360 ministeria
1004 2297 1183 2360 incumbunt.
1236 2297 1330 2360 Homo

200 2399 326 2465 ²laicus
349 2402 518 2484 praeceptis
541 2402 625 2464 luicis
648 2403 872 2484 constringitur.

595 2694 668 2758 XLI.
718 2697 933 2761 continuatio.

290 2819 500 2900 Unusquisque
523 2826 664 2898 vestrum,
689 2819 805 2898 iratres,
828 2822 857 2882 iu
881 2838 936 2882 suo
959 2819 1075 2898 ordine,
1098 2820 1128 2881 in
1151 2818 1229 2880 bona
1250 2836 1328 2881 con-

199 2924 337 3002 scientia,
361 2925 571 3007 praescriptam
594 2926 748 2987 ministerii
772 2927 817 2987 sui
841 2926 977 3007 reguiam
1000 2943 1060 2986 non
1089 2923 1326 3006 transgrediens,

200 3029 228 3091 in
260 3028 420 3091 honestate
451 3029 515 3091 Deo
548 3030 660 3110 gratias
691 3036 769 3112 agat.
815 3030 880 3093 Non
914 3033 943 3093 in
976 3030 1055 3091 omni
1088 3028 1174 3107 loco,
1211 3026 1328 3107 iratres,

200 3133 371 3196 oiiaruntur
393 3132 535 3195 sacrificia
560 3141 719 3214 perpetua,
750 3136 799 3197 vei
833 3137 946 3213 votiva,
978 3133 1025 3194 vei
1058 3150 1112 3213 pro
1146 3133 1274 3214 peccatis
1297 3137 1327 3193 et

201 3238 335 3316 delictis,
365 3238 419 3299 sed
443 3237 658 3320 Hierosolymis
690 3246 818 3316 tantum;
847 3259 946 3321 neque
975 3240 1034 3300 ilttc
1066 3227 1094 3299 in
1126 3238 1233 3318 quovis
1257 3237 1325 3299 ioco

200 3343 230 3404 tit
254 3342 385 3420 oblatio,
416 3342 470 3404 sed
495 3345 523 3405 in
546 3343 622 3404 atrio
647 3344 748 3426 templi
771 3345 807 3406 aii
830 3347 939 3423 altare,
973 3344 1133 3425 diiigenter
1163 3342 1245 3424 prius
1276 3341 1326 3401 in-

200 3455 307 3531 specto
338 3447 485 3511 sacrificio
515 3469 531 3512 a
562 3445 705 3511 ³summo
736 3452 895 3513 sacerdote
927 3456 957 3511 et
986 3446 1145 3529 praedictis
1177 3444 1325 3507 ministris.

200 3553 258 3627 Oui
281 3553 390 3635 igitur,
421 3559 542 3633 praeter
564 3553 609 3630 id,
640 3554 720 3634 quod
751 3555 894 3618 voluntati
924 3555 989 3635 ejus
1013 3556 1247 3614 consentaneum
1271 3556 1327 3627 est,

200 3656 312 3738 aliquid
337 3657 463 3736 iaciunt,
496 3659 599 3720 mortis
631 3659 777 3739 supplicio
801 3660 970 3741 puniuntur.
1016 3653 1176 3731 ⁴Videtis‚
1209 3652 1327 3730 iratres,

200 3780 260 3843 quo
283 3762 392 3844 majori
415 3762 588 3844 cognitione
611 3761 694 3844 digni
715 3781 818 3826 sumus
841 3762 948 3840 habiti,
973 3779 1009 3823 eo
1034 3759 1167 3843 graviori
1195 3756 1327 3840 periculo

201 3866 327 3929 obnoxii
349 3881 461 3929 sumus.

201 4167 279 4212 triam
290 4157 357 4226 apud
367 4156 521 4210 Helleniataa
531 4156 618 4223 tuine,
631 4167 658 4210 ut
668 4160 749 4227 signi·
763 4167 766 4178 '
779 4158 878 4208 icrioria
898 4155 1006 4220 ordinia3
1033 4170 1130 4206 summo
1151 4168 1213 4205 vero
1237 4169 1326 4205 sacer-

202 4248 322 4298 iicaretur
345 4245 442 4297 alicnus
465 4244 570 4296 a'tribu
590 4244 677 4307 Levia,
707 4253 750 4295 aut
778 4243 830 4294 doti
854 4242 955 4310 aliquali
978 4243 1054 4293 niodo
1080 4242 1154 4293 tribui
1174 4247 1259 4307 potest
1278 4239 1327 4290 hoc

203 4336 279 4384 etiam
291 4331 541 4399 prosapiaAaronia.
570 4330 751 4393 Ouibnsaeri·
779 4330 905 4392 officium,
930 4345 987 4380 cum
1013 4328 1059 4379 sub
1085 4329 1139 4393 ejus
1164 4326 1245 4377 ocutis
1264 4340 1326 4391 per·

202 4418 286 4470 simite
304 4418 346 4480 m,
370 4417 424 4482 jam
449 4433 463 4468 a
485 4418 620 4484 primaevis
637 4420 751 4484 scripto·
779 4425 863 4467 actum
888 4415 964 4467 tuerit
988 4416 1036 4467 hoc
1062 4415 1200 4482 negotium.
1237 4416 1326 4464 tt'orr.

203 4503 271 4556 mbas
284 4500 484 4555 Christianorum
502 4519 591 4555 vorem
609 4500 687 4557 λαίκός
703 4500 751 4551 ad·
780 4506 857 4553 Frui.
888 4500 965 4552 Forte
983 4499 1022 4548 δια·
1044 4504 1085 4549 τοῦ
1103 4495 1226 4566 duginnam
1244 4497 1327 4544 snt.

203 4590 308 4642 hibitnm
332 4604 391 4644 aare
414 4589 447 4641 ad
471 4588 661 4657 significandum
686 4604 751 4649 eum,
780 4587 956 4654 conjungenda
975 4596 1031 4640 aunt
1049 4602 1106 4637 curn
1125 4586 1327 4650 προσφιρεται...

204 4681 245 4746 qui
263 4689 339 4728 nero
355 4674 426 4726 anilo
441 4676 579 4728 ministerio
593 4674 751 4743 fungebatur.
780 4674 836 4740 πρὸς
857 4673 883 4723 ni
903 4672 1075 4738 &minori-nnn.
1102 4675 1181 4722 Facu.

204 4767 282 4816 Con.
815 4761 843 4825 4)
863 4763 944 4816 Ctem.
964 4764 1041 4814 Atax.
1060 4758 1076 4809 t.
1097 4773 1120 4808 c.
1139 4772 1165 4823 p.
1183 4751 1244 4804 613.

237 4849 316 4917 3)Ιά
340 4855 397 4901 crat
418 4850 503 4916 potius
525 4847 686 4902 sacerdotum
710 4848 752 4899 in·
