<?xml version="1.0" encoding="UTF-8"?>
<!DOCTYPE html PUBLIC "-//W3C//DTD XHTML 1.0 Transitional//EN"
    "http://www.w3.org/TR/xhtml1/DTD/xhtml1-transitional.dtd">
<html xmlns="http://www.w3.org/1999/xhtml" xml:lang="en" lang="en">
 <head>
  <title>
</title>
<meta http-equiv="Content-Type" content="text/html;charset=utf-8" />
  <meta name='ocr-system' content='tesseract 3.04.00' />
  <meta name='ocr-capabilities' content='ocr_page ocr_carea ocr_par ocr_line ocrx_word'/>
</head>
<body>
  <div class='ocr_page' id='page_1' title='image "./patrumapostolic01hefegoog_0528.png"; bbox 0 0 3067 6450; ppageno 0'>
   <div class='ocr_carea' id='block_1_1' title="bbox 291 1200 1204 1282">
    <p class='ocr_par' dir='ltr' id='par_1_1' title="bbox 291 1200 1204 1282">
     <span class='ocr_line' id='line_1_1' title="bbox 291 1200 1204 1282; baseline -0.014 -13"><span class='ocrx_word' id='word_1_1' title='bbox 291 1211 356 1282; x_wconf 78' lang='grc'><strong>886</strong></span> <span class='ocrx_word' id='word_1_2' title='bbox 506 1204 644 1265; x_wconf 74' lang='lat' dir='ltr'><strong>uuam</strong></span> <span class='ocrx_word' id='word_1_3' title='bbox 662 1203 798 1260; x_wconf 74' lang='lat' dir='ltr'><strong>PASTOR.</strong></span> <span class='ocrx_word' id='word_1_4' title='bbox 833 1202 932 1259; x_wconf 78' lang='lat' dir='ltr'><strong>traua</strong></span> <span class='ocrx_word' id='word_1_5' title='bbox 950 1201 991 1258; x_wconf 92' lang='lat' dir='ltr'><strong>lll.</strong></span> <span class='ocrx_word' id='word_1_6' title='bbox 1028 1200 1153 1258; x_wconf 79' lang='lat' dir='ltr'><strong>stttutr.</strong></span> <span class='ocrx_word' id='word_1_7' title='bbox 1171 1202 1204 1256; x_wconf 74' lang='lat' dir='ltr'><strong>V.</strong></span> 
     </span>
    </p>
   </div>
   <div class='ocr_carea' id='block_1_2' title="bbox 290 1365 1414 2080">
    <p class='ocr_par' dir='ltr' id='par_1_2' title="bbox 290 1365 1410 1560">
     <span class='ocr_line' id='line_1_2' title="bbox 291 1365 1410 1447; baseline -0.009 -9"><span class='ocrx_word' id='word_1_8' title='bbox 291 1371 374 1438; x_wconf 85' lang='lat' dir='ltr'><strong>adea.</strong></span> <span class='ocrx_word' id='word_1_9' title='bbox 418 1371 491 1436; x_wconf 88' lang='lat' dir='ltr'><strong>Nam</strong></span> <span class='ocrx_word' id='word_1_10' title='bbox 515 1371 541 1435; x_wconf 90' lang='lat' dir='ltr'><strong>si</strong></span> <span class='ocrx_word' id='word_1_11' title='bbox 563 1371 628 1434; x_wconf 85' lang='lat' dir='ltr'><strong>sina</strong></span> <span class='ocrx_word' id='word_1_12' title='bbox 652 1375 681 1432; x_wconf 85' lang='lat' dir='ltr'><strong>tc</strong></span> <span class='ocrx_word' id='word_1_13' title='bbox 704 1387 740 1432; x_wconf 91' lang='lat' dir='ltr'><strong>ea</strong></span> <span class='ocrx_word' id='word_1_14' title='bbox 764 1367 897 1432; x_wconf 87' lang='lat' dir='ltr'><strong>viderem</strong></span> <span class='ocrx_word' id='word_1_15' title='bbox 921 1367 969 1429; x_wconf 89' lang='lat' dir='ltr'><strong>vel</strong></span> <span class='ocrx_word' id='word_1_16' title='bbox 993 1366 1137 1447; x_wconf 80' lang='lat' dir='ltr'>audirem,</span> <span class='ocrx_word' id='word_1_17' title='bbox 1164 1374 1239 1431; x_wconf 91' lang='lat' dir='ltr'><strong>tunc</strong></span> <span class='ocrx_word' id='word_1_18' title='bbox 1263 1365 1410 1430; x_wconf 88' lang='lat' dir='ltr'><strong>llominun</strong></span> 
     </span>
     <span class='ocr_line' id='line_1_3' title="bbox 290 1475 1339 1560; baseline -0.016 -19"><span class='ocrx_word' id='word_1_19' title='bbox 290 1493 441 1560; x_wconf 79' lang='lat' dir='ltr'>rogarem,</span> <span class='ocrx_word' id='word_1_20' title='bbox 465 1485 495 1540; x_wconf 92' lang='grc' dir='ltr'><strong>ιιι</strong></span> <span class='ocrx_word' id='word_1_21' title='bbox 518 1477 694 1540; x_wconf 74' lang='lat' dir='ltr'><strong>ostenderet</strong></span> <span class='ocrx_word' id='word_1_22' title='bbox 716 1475 814 1537; x_wconf 85' lang='lat' dir='ltr'><strong>mihi.“</strong></span> <span class='ocrx_word' id='word_1_23' title='bbox 1337 1519 1339 1524; x_wconf 90' lang='lat'><strong>.</strong></span> 
     </span>
    </p>

    <p class='ocr_par' dir='ltr' id='par_1_3' title="bbox 290 1574 1414 2080">
     <span class='ocr_line' id='line_1_4' title="bbox 348 1574 1412 1662; baseline -0.01 -15"><span class='ocrx_word' id='word_1_24' title='bbox 348 1645 350 1649; x_wconf 75' lang='grc'>,</span> <span class='ocrx_word' id='word_1_25' title='bbox 378 1582 411 1642; x_wconf 89' lang='lat' dir='ltr'><strong>V.</strong></span> <span class='ocrx_word' id='word_1_26' title='bbox 457 1580 494 1643; x_wconf 89' lang='lat' dir='ltr'><strong>Et</strong></span> <span class='ocrx_word' id='word_1_27' title='bbox 514 1579 687 1662; x_wconf 87' lang='lat' dir='ltr'><strong>respondit:</strong></span> <span class='ocrx_word' id='word_1_28' title='bbox 724 1577 903 1658; x_wconf 83' lang='lat' dir='ltr'><strong>¹„dixeram</strong></span> <span class='ocrx_word' id='word_1_29' title='bbox 927 1579 977 1641; x_wconf 91' lang='lat' dir='ltr'><strong>tibi</strong></span> <span class='ocrx_word' id='word_1_30' title='bbox 1000 1577 1089 1660; x_wconf 91' lang='lat' dir='ltr'><strong>paulo</strong></span> <span class='ocrx_word' id='word_1_31' title='bbox 1114 1583 1199 1656; x_wconf 88' lang='lat' dir='ltr'><strong>ante,</strong></span> <span class='ocrx_word' id='word_1_32' title='bbox 1228 1574 1365 1639; x_wconf 87' lang='lat' dir='ltr'><strong>callidum</strong></span> <span class='ocrx_word' id='word_1_33' title='bbox 1387 1583 1412 1637; x_wconf 88' lang='lat' dir='ltr'><strong>te</strong></span> 
     </span>
     <span class='ocr_line' id='line_1_5' title="bbox 291 1680 1413 1765; baseline -0.006 -17"><span class='ocrx_word' id='word_1_34' title='bbox 291 1703 361 1748; x_wconf 89' lang='lat' dir='ltr'><strong>csse</strong></span> <span class='ocrx_word' id='word_1_35' title='bbox 384 1693 414 1747; x_wconf 88' lang='lat' dir='ltr'><strong>et</strong></span> <span class='ocrx_word' id='word_1_36' title='bbox 436 1684 594 1763; x_wconf 77' lang='lat' dir='ltr'><strong>audacem,</strong></span> <span class='ocrx_word' id='word_1_37' title='bbox 623 1685 673 1765; x_wconf 86' lang='lat' dir='ltr'><strong>qui</strong></span> <span class='ocrx_word' id='word_1_38' title='bbox 697 1684 862 1747; x_wconf 79' lang='lat' dir='ltr'><strong>solutiones</strong></span> <span class='ocrx_word' id='word_1_39' title='bbox 884 1682 1104 1746; x_wconf 78' lang='lat' dir='ltr'><strong>similitudinum</strong></span> <span class='ocrx_word' id='word_1_40' title='bbox 1132 1683 1314 1765; x_wconf 80' lang='lat' dir='ltr'><strong>interrogas.</strong></span> <span class='ocrx_word' id='word_1_41' title='bbox 1359 1680 1413 1742; x_wconf 88' lang='lat' dir='ltr'><strong>Sed</strong></span> 
     </span>
     <span class='ocr_line' id='line_1_6' title="bbox 291 1786 1413 1871; baseline -0.004 -20"><span class='ocrx_word' id='word_1_42' title='bbox 291 1791 360 1870; x_wconf 87' lang='lat' dir='ltr'><strong>quia</strong></span> <span class='ocrx_word' id='word_1_43' title='bbox 384 1789 422 1852; x_wconf 90' lang='lat' dir='ltr'><strong>ita</strong></span> <span class='ocrx_word' id='word_1_44' title='bbox 445 1808 479 1852; x_wconf 91' lang='lat' dir='ltr'><strong>es</strong></span> <span class='ocrx_word' id='word_1_45' title='bbox 503 1786 673 1871; x_wconf 61' lang='grc' dir='ltr'><strong>1ριιιιῑιιιιιι,</strong></span> <span class='ocrx_word' id='word_1_46' title='bbox 696 1788 811 1851; x_wconf 85' lang='lat' dir='ltr'><strong>solvam</strong></span> <span class='ocrx_word' id='word_1_47' title='bbox 833 1787 883 1849; x_wconf 93' lang='lat' dir='ltr'><strong>tihi</strong></span> <span class='ocrx_word' id='word_1_48' title='bbox 907 1788 994 1867; x_wconf 90' lang='lat' dir='ltr'><strong>hanc,</strong></span> <span class='ocrx_word' id='word_1_49' title='bbox 1018 1806 1103 1868; x_wconf 85' lang='lat' dir='ltr'><strong>quam</strong></span> <span class='ocrx_word' id='word_1_50' title='bbox 1120 1786 1289 1864; x_wconf 85' lang='lat' dir='ltr'><strong>desideras,</strong></span> <span class='ocrx_word' id='word_1_51' title='bbox 1313 1786 1413 1848; x_wconf 88' lang='lat' dir='ltr'><strong>simili-</strong></span> 
     </span>
     <span class='ocr_line' id='line_1_7' title="bbox 290 1893 1414 1973; baseline -0.003 -18"><span class='ocrx_word' id='word_1_52' title='bbox 290 1893 439 1972; x_wconf 88' lang='lat' dir='ltr'><strong>tudinem,</strong></span> <span class='ocrx_word' id='word_1_53' title='bbox 461 1901 494 1956; x_wconf 87' lang='lat' dir='ltr'><strong>nt</strong></span> <span class='ocrx_word' id='word_1_54' title='bbox 517 1895 652 1957; x_wconf 88' lang='lat' dir='ltr'><strong>omnibus</strong></span> <span class='ocrx_word' id='word_1_55' title='bbox 676 1900 776 1955; x_wconf 90' lang='lat' dir='ltr'><strong>notam</strong></span> <span class='ocrx_word' id='word_1_56' title='bbox 799 1893 892 1955; x_wconf 84' lang='lat' dir='ltr'><strong>iacias</strong></span> <span class='ocrx_word' id='word_1_57' title='bbox 916 1912 990 1956; x_wconf 90' lang='lat' dir='ltr'><strong>eam.</strong></span> <span class='ocrx_word' id='word_1_58' title='bbox 1036 1894 1113 1956; x_wconf 80' lang='lat' dir='ltr'><strong>Audi</strong></span> <span class='ocrx_word' id='word_1_59' title='bbox 1136 1911 1234 1971; x_wconf 88' lang='lat' dir='ltr'><strong>nuno,</strong></span> <span class='ocrx_word' id='word_1_60' title='bbox 1263 1893 1365 1973; x_wconf 84' lang='lat' dir='ltr'><strong>inquil,</strong></span> <span class='ocrx_word' id='word_1_61' title='bbox 1387 1898 1414 1953; x_wconf 87' lang='lat' dir='ltr'><strong>et</strong></span> 
     </span>
     <span class='ocr_line' id='line_1_8' title="bbox 290 1995 1414 2080; baseline -0.003 -19"><span class='ocrx_word' id='word_1_62' title='bbox 290 2000 412 2080; x_wconf 89' lang='lat' dir='ltr'><strong>percipe</strong></span> <span class='ocrx_word' id='word_1_63' title='bbox 435 2001 541 2062; x_wconf 88' lang='lat' dir='ltr'><strong>animo.</strong></span> <span class='ocrx_word' id='word_1_64' title='bbox 589 1995 729 2063; x_wconf 72' lang='grc' dir='ltr'><strong>3Οιιιειιι</strong></span> <span class='ocrx_word' id='word_1_65' title='bbox 751 2004 897 2061; x_wconf 89' lang='lat' dir='ltr'><strong>terrarum</strong></span> <span class='ocrx_word' id='word_1_66' title='bbox 922 1995 1031 2060; x_wconf 80' lang='lat' dir='ltr'><strong>fundus</strong></span> <span class='ocrx_word' id='word_1_67' title='bbox 1054 1998 1104 2060; x_wconf 87' lang='lat' dir='ltr'><strong>ille</strong></span> <span class='ocrx_word' id='word_1_68' title='bbox 1126 1996 1295 2080; x_wconf 79' lang='lat' dir='ltr'><strong>significat,</strong></span> <span class='ocrx_word' id='word_1_69' title='bbox 1318 1996 1414 2077; x_wconf 88' lang='lat' dir='ltr'><strong>quiin</strong></span> 
     </span>
    </p>
   </div>
   <div class='ocr_carea' id='block_1_3' title="bbox 289 2167 1415 4750">
    <p class='ocr_par' dir='ltr' id='par_1_4' title="bbox 326 2167 1415 2241">
     <span class='ocr_line' id='line_1_9' title="bbox 326 2167 1415 2241; baseline -0.002 -21"><span class='ocrx_word' id='word_1_70' title='bbox 326 2170 354 2240; x_wconf 99' lang='grc'>1)</span> <span class='ocrx_word' id='word_1_71' title='bbox 373 2169 438 2223; x_wconf 89' lang='lat' dir='ltr'><strong>llida</strong></span> <span class='ocrx_word' id='word_1_72' title='bbox 457 2187 512 2239; x_wconf 86' lang='lat' dir='ltr'><strong>cap.</strong></span> <span class='ocrx_word' id='word_1_73' title='bbox 530 2171 649 2225; x_wconf 85' lang='lat' dir='ltr'><strong>anteced.</strong></span> <span class='ocrx_word' id='word_1_74' title='bbox 868 2179 952 2240; x_wconf 81' lang='lat' dir='ltr'><strong>putet,</strong></span> <span class='ocrx_word' id='word_1_75' title='bbox 971 2169 1062 2223; x_wconf 82' lang='lat' dir='ltr'><strong>Filium</strong></span> <span class='ocrx_word' id='word_1_76' title='bbox 1074 2169 1123 2223; x_wconf 88' lang='lat' dir='ltr'><strong>Dei</strong></span> <span class='ocrx_word' id='word_1_77' title='bbox 1136 2170 1178 2222; x_wconf 87' lang='lat' dir='ltr'><strong>hic</strong></span> <span class='ocrx_word' id='word_1_78' title='bbox 1195 2172 1323 2241; x_wconf 71' lang='lat' dir='ltr'><strong>postponi</strong></span> <span class='ocrx_word' id='word_1_79' title='bbox 1340 2167 1415 2237; x_wconf 88' lang='lat' dir='ltr'><strong>Spiri-</strong></span> 
     </span>
    </p>

    <p class='ocr_par' dir='ltr' id='par_1_5' title="bbox 290 2255 1415 2412">
     <span class='ocr_line' id='line_1_10' title="bbox 325 2255 1414 2326; baseline -0.003 -18"><span class='ocrx_word' id='word_1_80' title='bbox 325 2257 354 2322; x_wconf 81' lang='lat'><strong>2)</strong></span> <span class='ocrx_word' id='word_1_81' title='bbox 374 2256 413 2309; x_wconf 88' lang='lat' dir='ltr'><strong>De</strong></span> <span class='ocrx_word' id='word_1_82' title='bbox 438 2259 577 2325; x_wconf 85' lang='lat' dir='ltr'><strong>pertinacia</strong></span> <span class='ocrx_word' id='word_1_83' title='bbox 602 2258 627 2308; x_wconf 89' lang='lat' dir='ltr'><strong>in</strong></span> <span class='ocrx_word' id='word_1_84' title='bbox 651 2257 764 2326; x_wconf 88' lang='lat' dir='ltr'><strong>petendo</strong></span> <span class='ocrx_word' id='word_1_85' title='bbox 793 2257 839 2308; x_wconf 85' lang='lat' dir='ltr'><strong>cir.</strong></span> <span class='ocrx_word' id='word_1_86' title='bbox 868 2259 903 2308; x_wconf 91' lang='lat' dir='ltr'><strong>tui</strong></span> <span class='ocrx_word' id='word_1_87' title='bbox 933 2266 1022 2309; x_wconf 89' lang='lat' dir='ltr'><strong>sancto</strong></span> <span class='ocrx_word' id='word_1_88' title='bbox 1051 2265 1075 2309; x_wconf 91' lang='lat' dir='ltr'><strong>et</strong></span> <span class='ocrx_word' id='word_1_89' title='bbox 1105 2256 1231 2308; x_wconf 85' lang='lat' dir='ltr'><strong>declarari</strong></span> <span class='ocrx_word' id='word_1_90' title='bbox 1264 2255 1414 2307; x_wconf 72' lang='lat' dir='ltr'><strong>inferiorern.</strong></span> 
     </span>
     <span class='ocr_line' id='line_1_11' title="bbox 290 2340 1415 2412; baseline -0.004 -16"><span class='ocrx_word' id='word_1_91' title='bbox 290 2343 349 2397; x_wconf 83' lang='lat' dir='ltr'><strong>huc.</strong></span> <span class='ocrx_word' id='word_1_92' title='bbox 371 2345 413 2410; x_wconf 92' lang='grc'><strong>11,</strong></span> <span class='ocrx_word' id='word_1_93' title='bbox 432 2343 457 2395; x_wconf 84' lang='grc'><strong>8.</strong></span> <span class='ocrx_word' id='word_1_94' title='bbox 498 2340 501 2345; x_wconf 79' lang='grc'><strong>’</strong></span> <span class='ocrx_word' id='word_1_95' title='bbox 868 2342 938 2394; x_wconf 78' lang='lat' dir='ltr'><strong>llaec</strong></span> <span class='ocrx_word' id='word_1_96' title='bbox 956 2344 1067 2412; x_wconf 88' lang='lat' dir='ltr'><strong>suspicio</strong></span> <span class='ocrx_word' id='word_1_97' title='bbox 1085 2343 1197 2408; x_wconf 85' lang='lat' dir='ltr'><strong>tollitur,</strong></span> <span class='ocrx_word' id='word_1_98' title='bbox 1226 2345 1248 2395; x_wconf 89' lang='lat' dir='ltr'><strong>si</strong></span> <span class='ocrx_word' id='word_1_99' title='bbox 1274 2342 1331 2395; x_wconf 85' lang='lat' dir='ltr'><strong>illos</strong></span> <span class='ocrx_word' id='word_1_100' title='bbox 1350 2341 1415 2394; x_wconf 84' lang='lat' dir='ltr'><strong>locas</strong></span> 
     </span>
    </p>

    <p class='ocr_par' dir='ltr' id='par_1_6' title="bbox 289 2427 1415 4750">
     <span class='ocr_line' id='line_1_12' title="bbox 326 2427 1415 2500; baseline -0.006 -16"><span class='ocrx_word' id='word_1_101' title='bbox 326 2433 356 2499; x_wconf 80' lang='lat'><strong>3)</strong></span> <span class='ocrx_word' id='word_1_102' title='bbox 381 2431 455 2496; x_wconf 84' lang='lat' dir='ltr'><strong>Quod</strong></span> <span class='ocrx_word' id='word_1_103' title='bbox 480 2447 546 2484; x_wconf 87' lang='lat' dir='ltr'><strong>nunc</strong></span> <span class='ocrx_word' id='word_1_104' title='bbox 570 2432 699 2500; x_wconf 86' lang='lat' dir='ltr'><strong>sequitur,</strong></span> <span class='ocrx_word' id='word_1_105' title='bbox 726 2440 765 2483; x_wconf 84' lang='lat' dir='ltr'><strong>est</strong></span> <span class='ocrx_word' id='word_1_106' title='bbox 791 2447 840 2483; x_wconf 83' lang='lat' dir='ltr'><strong>ex·</strong></span> <span class='ocrx_word' id='word_1_107' title='bbox 868 2432 1007 2498; x_wconf 81' lang='lat' dir='ltr'><strong>respicias,</strong></span> <span class='ocrx_word' id='word_1_108' title='bbox 1037 2431 1061 2482; x_wconf 87' lang='lat' dir='ltr'><strong>iu</strong></span> <span class='ocrx_word' id='word_1_109' title='bbox 1090 2430 1180 2499; x_wconf 89' lang='lat' dir='ltr'><strong>quibua</strong></span> <span class='ocrx_word' id='word_1_110' title='bbox 1211 2430 1247 2482; x_wconf 91' lang='lat' dir='ltr'><strong>de</strong></span> <span class='ocrx_word' id='word_1_111' title='bbox 1277 2428 1344 2481; x_wconf 80' lang='lat' dir='ltr'><strong>Filio</strong></span> <span class='ocrx_word' id='word_1_112' title='bbox 1373 2427 1415 2479; x_wconf 83' lang='lat' dir='ltr'><strong>[lei</strong></span> 
     </span>
     <span class='ocr_line' id='line_1_13' title="bbox 289 2516 1414 2588; baseline -0.004 -17"><span class='ocrx_word' id='word_1_113' title='bbox 289 2519 402 2587; x_wconf 86' lang='lat' dir='ltr'><strong>planatio</strong></span> <span class='ocrx_word' id='word_1_114' title='bbox 426 2522 533 2588; x_wconf 75' lang='lat' dir='ltr'><strong>mystici</strong></span> <span class='ocrx_word' id='word_1_115' title='bbox 557 2535 646 2571; x_wconf 86' lang='lat' dir='ltr'><strong>sensus</strong></span> <span class='ocrx_word' id='word_1_116' title='bbox 672 2518 840 2572; x_wconf 73' lang='lat' dir='ltr'><strong>similitudinis</strong></span> <span class='ocrx_word' id='word_1_117' title='bbox 867 2517 1009 2569; x_wconf 85' lang='lat' dir='ltr'><strong>secundum</strong></span> <span class='ocrx_word' id='word_1_118' title='bbox 1026 2528 1160 2572; x_wconf 70' lang='lat' dir='ltr'><strong>aaronem</strong></span> <span class='ocrx_word' id='word_1_119' title='bbox 1178 2516 1236 2583; x_wconf 84' lang='lat' dir='ltr'><strong>ejus</strong></span> <span class='ocrx_word' id='word_1_120' title='bbox 1253 2518 1414 2579; x_wconf 83' lang='lat' dir='ltr'><strong>existentiam,</strong></span> 
     </span>
     <span class='ocr_line' id='line_1_14' title="bbox 290 2601 1413 2675; baseline -0.004 -18"><span class='ocrx_word' id='word_1_121' title='bbox 290 2607 372 2671; x_wconf 81' lang='lat' dir='ltr'><strong>illius,</strong></span> <span class='ocrx_word' id='word_1_122' title='bbox 398 2622 472 2674; x_wconf 88' lang='lat' dir='ltr'><strong>quam</strong></span> <span class='ocrx_word' id='word_1_123' title='bbox 490 2621 565 2673; x_wconf 81' lang='lat' dir='ltr'><strong>supra</strong></span> <span class='ocrx_word' id='word_1_124' title='bbox 585 2607 669 2673; x_wconf 89' lang='lat' dir='ltr'><strong>capite</strong></span> <span class='ocrx_word' id='word_1_125' title='bbox 687 2606 703 2656; x_wconf 83' lang='lat'>2</span> <span class='ocrx_word' id='word_1_126' title='bbox 722 2605 838 2675; x_wconf 74' lang='lat' dir='ltr'><strong>legimus.</strong></span> <span class='ocrx_word' id='word_1_127' title='bbox 868 2603 883 2653; x_wconf 85' lang='lat' dir='ltr'><strong>i.</strong></span> <span class='ocrx_word' id='word_1_128' title='bbox 898 2618 922 2654; x_wconf 86' lang='lat' dir='ltr'><strong>e.</strong></span> <span class='ocrx_word' id='word_1_129' title='bbox 941 2602 974 2656; x_wconf 88' lang='lat' dir='ltr'><strong>de</strong></span> <span class='ocrx_word' id='word_1_130' title='bbox 991 2601 1070 2670; x_wconf 73' lang='grc' dir='ltr'><em>Λόγῳ</em></span> <span class='ocrx_word' id='word_1_131' title='bbox 1088 2603 1236 2669; x_wconf 75' lang='grc' dir='ltr'>ᾶίιιοιίιιιι,</span> <span class='ocrx_word' id='word_1_132' title='bbox 1255 2619 1279 2655; x_wconf 85' lang='lat' dir='ltr'><strong>e.</strong></span> <span class='ocrx_word' id='word_1_133' title='bbox 1295 2619 1323 2673; x_wconf 74' lang='lat' dir='ltr'><strong>g.</strong></span> <span class='ocrx_word' id='word_1_134' title='bbox 1342 2601 1413 2654; x_wconf 88' lang='lat' dir='ltr'><strong>Simil.</strong></span> 
     </span>
     <span class='ocr_line' id='line_1_15' title="bbox 290 2687 1414 2763; baseline -0.006 -16"><span class='ocrx_word' id='word_1_135' title='bbox 290 2696 423 2747; x_wconf 79' lang='lat' dir='ltr'><strong>Dominae</strong></span> <span class='ocrx_word' id='word_1_136' title='bbox 447 2695 525 2763; x_wconf 73' lang='lat' dir='ltr'><strong>[endi</strong></span> <span class='ocrx_word' id='word_1_137' title='bbox 551 2700 591 2742; x_wconf 85' lang='lat' dir='ltr'><strong>est</strong></span> <span class='ocrx_word' id='word_1_138' title='bbox 617 2714 652 2738; x_wconf 90' lang='lat'><strong><em>=</em></strong></span> <span class='ocrx_word' id='word_1_139' title='bbox 680 2695 770 2759; x_wconf 82' lang='lat' dir='ltr'><strong>Deua,</strong></span> <span class='ocrx_word' id='word_1_140' title='bbox 799 2694 839 2761; x_wconf 89' lang='lat' dir='ltr'><strong>qui</strong></span> <span class='ocrx_word' id='word_1_141' title='bbox 867 2687 915 2753; x_wconf 79' lang='lat' dir='ltr'><strong>IX,</strong></span> <span class='ocrx_word' id='word_1_142' title='bbox 935 2690 979 2741; x_wconf 84' lang='lat'><strong>12:</strong></span> <span class='ocrx_word' id='word_1_143' title='bbox 1007 2688 1108 2755; x_wconf 82' lang='lat' dir='ltr'><strong>„Filius</strong></span> <span class='ocrx_word' id='word_1_144' title='bbox 1130 2688 1180 2741; x_wconf 86' lang='lat' dir='ltr'><strong>Dei</strong></span> <span class='ocrx_word' id='word_1_145' title='bbox 1205 2692 1276 2741; x_wconf 87' lang='lat' dir='ltr'><strong>omni</strong></span> <span class='ocrx_word' id='word_1_146' title='bbox 1303 2697 1414 2742; x_wconf 82' lang='lat' dir='ltr'><strong>creatura</strong></span> 
     </span>
     <span class='ocr_line' id='line_1_16' title="bbox 290 2775 1415 2846; baseline -0.002 -16"><span class='ocrx_word' id='word_1_147' title='bbox 290 2779 375 2830; x_wconf 88' lang='lat' dir='ltr'><strong>omnia</strong></span> <span class='ocrx_word' id='word_1_148' title='bbox 393 2781 503 2840; x_wconf 79' lang='lat' dir='ltr'><strong>creavit3</strong></span> <span class='ocrx_word' id='word_1_149' title='bbox 525 2795 639 2844; x_wconf 63' lang='lat' dir='ltr'><strong>saeua,</strong></span> <span class='ocrx_word' id='word_1_150' title='bbox 660 2794 734 2846; x_wconf 85' lang='lat' dir='ltr'><strong>quem</strong></span> <span class='ocrx_word' id='word_1_151' title='bbox 754 2781 779 2829; x_wconf 94' lang='lat' dir='ltr'><strong>in</strong></span> <span class='ocrx_word' id='word_1_152' title='bbox 798 2780 839 2829; x_wconf 81' lang='lat' dir='ltr'><strong>vi·</strong></span> <span class='ocrx_word' id='word_1_153' title='bbox 867 2776 1067 2845; x_wconf 67' lang='lat' dir='ltr'><strong>antiquiorem,</strong></span> <span class='ocrx_word' id='word_1_154' title='bbox 1086 2777 1119 2828; x_wconf 86' lang='lat' dir='ltr'><strong>ita</strong></span> <span class='ocrx_word' id='word_1_155' title='bbox 1137 2785 1165 2828; x_wconf 89' lang='lat' dir='ltr'><strong>ut</strong></span> <span class='ocrx_word' id='word_1_156' title='bbox 1183 2777 1207 2828; x_wconf 87' lang='lat' dir='ltr'><strong>in</strong></span> <span class='ocrx_word' id='word_1_157' title='bbox 1228 2777 1339 2830; x_wconf 89' lang='lat' dir='ltr'><strong>consilio</strong></span> <span class='ocrx_word' id='word_1_158' title='bbox 1355 2775 1415 2828; x_wconf 83' lang='lat' dir='ltr'><strong>Patri</strong></span> 
     </span>
     <span class='ocr_line' id='line_1_17' title="bbox 290 2861 1414 2929; baseline -0.002 -13"><span class='ocrx_word' id='word_1_159' title='bbox 290 2880 364 2916; x_wconf 88' lang='lat' dir='ltr'><strong>neam</strong></span> <span class='ocrx_word' id='word_1_160' title='bbox 383 2881 452 2917; x_wconf 86' lang='lat' dir='ltr'><strong>auam</strong></span> <span class='ocrx_word' id='word_1_161' title='bbox 472 2863 554 2929; x_wconf 80' lang='lat' dir='ltr'><strong>misit,</strong></span> <span class='ocrx_word' id='word_1_162' title='bbox 573 2867 712 2918; x_wconf 76' lang='lat' dir='ltr'><strong>eatFilius</strong></span> <span class='ocrx_word' id='word_1_163' title='bbox 725 2866 839 2919; x_wconf 55' lang='lat' dir='ltr'><strong>Delie.</strong></span> <span class='ocrx_word' id='word_1_164' title='bbox 867 2877 913 2913; x_wconf 87' lang='lat' dir='ltr'><strong>suo</strong></span> <span class='ocrx_word' id='word_1_165' title='bbox 938 2861 1049 2915; x_wconf 85' lang='lat' dir='ltr'><strong>adiuerit</strong></span> <span class='ocrx_word' id='word_1_166' title='bbox 1072 2863 1104 2916; x_wconf 91' lang='lat' dir='ltr'><strong>ad</strong></span> <span class='ocrx_word' id='word_1_167' title='bbox 1129 2863 1292 2916; x_wconf 86' lang='lat' dir='ltr'><strong>condendam</strong></span> <span class='ocrx_word' id='word_1_168' title='bbox 1318 2872 1414 2916; x_wconf 90' lang='lat' dir='ltr'><strong>creatu·</strong></span> 
     </span>
     <span class='ocr_line' id='line_1_18' title="bbox 291 2949 1414 3018; baseline -0.002 -16"><span class='ocrx_word' id='word_1_169' title='bbox 291 2949 404 3003; x_wconf 80' lang='lat' dir='ltr'><strong>Christus</strong></span> <span class='ocrx_word' id='word_1_170' title='bbox 417 2955 441 3002; x_wconf 90' lang='lat' dir='ltr'><strong>in</strong></span> <span class='ocrx_word' id='word_1_171' title='bbox 454 2952 527 3003; x_wconf 88' lang='lat' dir='ltr'><strong>terris</strong></span> <span class='ocrx_word' id='word_1_172' title='bbox 541 2967 665 3018; x_wconf 85' lang='lat' dir='ltr'><strong>apparens</strong></span> <span class='ocrx_word' id='word_1_173' title='bbox 675 2954 721 3018; x_wconf 90' lang='lat' dir='ltr'><strong>(de</strong></span> <span class='ocrx_word' id='word_1_174' title='bbox 734 2960 839 3003; x_wconf 85' lang='lat' dir='ltr'><strong>aeterna</strong></span> <span class='ocrx_word' id='word_1_175' title='bbox 867 2953 952 3016; x_wconf 81' lang='lat' dir='ltr'><strong>ram‚“</strong></span> <span class='ocrx_word' id='word_1_176' title='bbox 979 2949 1088 3002; x_wconf 79' lang='lat' dir='ltr'><strong>et‘ihid.</strong></span> <span class='ocrx_word' id='word_1_177' title='bbox 1106 2966 1129 3002; x_wconf 89' lang='lat' dir='ltr'><strong>c.</strong></span> <span class='ocrx_word' id='word_1_178' title='bbox 1150 2952 1197 3003; x_wconf 75' lang='lat'><strong>14:</strong></span> <span class='ocrx_word' id='word_1_179' title='bbox 1227 2967 1346 3017; x_wconf 82' lang='lat' dir='ltr'><strong>„nomeu</strong></span> <span class='ocrx_word' id='word_1_180' title='bbox 1364 2950 1414 3002; x_wconf 81' lang='lat' dir='ltr'><strong>Filii</strong></span> 
     </span>
     <span class='ocr_line' id='line_1_19' title="bbox 291 3036 1414 3107; baseline -0.001 -18"><span class='ocrx_word' id='word_1_181' title='bbox 291 3040 423 3089; x_wconf 70' lang='lat' dir='ltr'><strong>existentia</strong></span> <span class='ocrx_word' id='word_1_182' title='bbox 442 3037 497 3089; x_wconf 84' lang='lat' dir='ltr'><strong>Filii</strong></span> <span class='ocrx_word' id='word_1_183' title='bbox 511 3037 559 3089; x_wconf 87' lang='lat' dir='ltr'><strong>Dei</strong></span> <span class='ocrx_word' id='word_1_184' title='bbox 579 3059 612 3088; x_wconf 92' lang='lat'><strong><em>=</em></strong></span> <span class='ocrx_word' id='word_1_185' title='bbox 631 3041 676 3087; x_wconf 82' lang='grc' dir='ltr'><strong>τοῦ</strong></span> <span class='ocrx_word' id='word_1_186' title='bbox 692 3037 781 3105; x_wconf 75' lang='grc' dir='ltr'><em>Λόγου</em></span> <span class='ocrx_word' id='word_1_187' title='bbox 798 3038 840 3090; x_wconf 90' lang='lat' dir='ltr'><strong>hic</strong></span> <span class='ocrx_word' id='word_1_188' title='bbox 867 3036 916 3089; x_wconf 86' lang='lat' dir='ltr'><strong>Dei</strong></span> <span class='ocrx_word' id='word_1_189' title='bbox 940 3054 1059 3107; x_wconf 68' lang='lat' dir='ltr'><strong>magnam</strong></span> <span class='ocrx_word' id='word_1_190' title='bbox 1084 3047 1111 3091; x_wconf 85' lang='lat' dir='ltr'><strong>ot</strong></span> <span class='ocrx_word' id='word_1_191' title='bbox 1134 3041 1286 3091; x_wconf 83' lang='lat' dir='ltr'><strong>immensum</strong></span> <span class='ocrx_word' id='word_1_192' title='bbox 1313 3047 1367 3103; x_wconf 83' lang='lat' dir='ltr'><strong>est,</strong></span> <span class='ocrx_word' id='word_1_193' title='bbox 1393 3044 1414 3088; x_wconf 87' lang='lat' dir='ltr'><strong>et</strong></span> 
     </span>
     <span class='ocr_line' id='line_1_20' title="bbox 290 3123 1413 3193; baseline -0.002 -17"><span class='ocrx_word' id='word_1_194' title='bbox 290 3142 340 3176; x_wconf 89' lang='lat' dir='ltr'><strong>non</strong></span> <span class='ocrx_word' id='word_1_195' title='bbox 353 3134 391 3177; x_wconf 87' lang='lat' dir='ltr'><strong>est</strong></span> <span class='ocrx_word' id='word_1_196' title='bbox 404 3127 510 3193; x_wconf 87' lang='lat' dir='ltr'><strong>sermo).</strong></span> <span class='ocrx_word' id='word_1_197' title='bbox 535 3125 641 3177; x_wconf 82' lang='lat' dir='ltr'><strong>Seruum</strong></span> <span class='ocrx_word' id='word_1_198' title='bbox 654 3126 722 3178; x_wconf 87' lang='lat' dir='ltr'><strong>illum</strong></span> <span class='ocrx_word' id='word_1_199' title='bbox 735 3134 841 3193; x_wconf 82' lang='lat' dir='ltr'><strong>propter</strong></span> <span class='ocrx_word' id='word_1_200' title='bbox 867 3133 934 3176; x_wconf 84' lang='lat' dir='ltr'><strong>totus</strong></span> <span class='ocrx_word' id='word_1_201' title='bbox 960 3123 992 3176; x_wconf 90' lang='lat' dir='ltr'><strong>ah</strong></span> <span class='ocrx_word' id='word_1_202' title='bbox 1020 3140 1051 3177; x_wconf 90' lang='lat' dir='ltr'><strong>oo</strong></span> <span class='ocrx_word' id='word_1_203' title='bbox 1079 3133 1236 3178; x_wconf 81' lang='lat' dir='ltr'><strong>sustentatur</strong></span> <span class='ocrx_word' id='word_1_204' title='bbox 1262 3125 1366 3190; x_wconf 78' lang='lat' dir='ltr'><strong>orbis“‚</strong></span> <span class='ocrx_word' id='word_1_205' title='bbox 1392 3131 1413 3174; x_wconf 80' lang='lat' dir='ltr'><strong>et</strong></span> 
     </span>
     <span class='ocr_line' id='line_1_21' title="bbox 291 3210 1413 3278; baseline -0.001 -14"><span class='ocrx_word' id='word_1_206' title='bbox 291 3211 393 3266; x_wconf 87' lang='lat' dir='ltr'><strong>labores</strong></span> <span class='ocrx_word' id='word_1_207' title='bbox 411 3212 605 3265; x_wconf 83' lang='lat' dir='ltr'><strong>suoallominus</strong></span> <span class='ocrx_word' id='word_1_208' title='bbox 626 3212 693 3265; x_wconf 80' lang='lat' dir='ltr'><strong>fundi</strong></span> <span class='ocrx_word' id='word_1_209' title='bbox 711 3213 839 3277; x_wconf 83' lang='lat' dir='ltr'><strong>exaltavit,</strong></span> <span class='ocrx_word' id='word_1_210' title='bbox 868 3211 936 3264; x_wconf 84' lang='lat' dir='ltr'><strong>Viaio</strong></span> <span class='ocrx_word' id='word_1_211' title='bbox 955 3210 984 3266; x_wconf 93' lang='lat' dir='ltr'><strong>ll.</strong></span> <span class='ocrx_word' id='word_1_212' title='bbox 1004 3213 1031 3263; x_wconf 84' lang='lat'><strong>2:</strong></span> <span class='ocrx_word' id='word_1_213' title='bbox 1062 3211 1181 3278; x_wconf 72' lang='lat' dir='ltr'><strong>„iuravit</strong></span> <span class='ocrx_word' id='word_1_214' title='bbox 1207 3215 1276 3266; x_wconf 89' lang='lat' dir='ltr'><strong>enim</strong></span> <span class='ocrx_word' id='word_1_215' title='bbox 1301 3212 1413 3266; x_wconf 79' lang='lat' dir='ltr'><strong>[lominus</strong></span> 
     </span>
     <span class='ocr_line' id='line_1_22' title="bbox 290 3297 1412 3368; baseline 0.001 -18"><span class='ocrx_word' id='word_1_216' title='bbox 290 3301 307 3350; x_wconf 88' lang='lat' dir='ltr'><strong>i.</strong></span> <span class='ocrx_word' id='word_1_217' title='bbox 325 3316 347 3350; x_wconf 87' lang='lat' dir='ltr'><strong>e.</strong></span> <span class='ocrx_word' id='word_1_218' title='bbox 367 3308 471 3367; x_wconf 83' lang='lat' dir='ltr'><strong>peracto</strong></span> <span class='ocrx_word' id='word_1_219' title='bbox 490 3316 570 3367; x_wconf 87' lang='lat' dir='ltr'><strong>opere</strong></span> <span class='ocrx_word' id='word_1_220' title='bbox 588 3302 771 3368; x_wconf 79' lang='lat' dir='ltr'><strong>redemptionis</strong></span> <span class='ocrx_word' id='word_1_221' title='bbox 789 3300 839 3351; x_wconf 89' lang='lat' dir='ltr'><strong>ho·</strong></span> <span class='ocrx_word' id='word_1_222' title='bbox 867 3314 914 3368; x_wconf 90' lang='lat' dir='ltr'><strong>per</strong></span> <span class='ocrx_word' id='word_1_223' title='bbox 925 3297 1016 3351; x_wconf 81' lang='lat' dir='ltr'><strong>Filium</strong></span> <span class='ocrx_word' id='word_1_224' title='bbox 1034 3315 1104 3351; x_wconf 88' lang='lat' dir='ltr'><strong>suum</strong></span> <span class='ocrx_word' id='word_1_225' title='bbox 1123 3302 1190 3352; x_wconf 86' lang='lat' dir='ltr'><strong>etc.“</strong></span> <span class='ocrx_word' id='word_1_226' title='bbox 1224 3299 1300 3352; x_wconf 85' lang='lat' dir='ltr'><strong>Plura</strong></span> <span class='ocrx_word' id='word_1_227' title='bbox 1320 3298 1351 3351; x_wconf 87' lang='lat' dir='ltr'><strong>ad</strong></span> <span class='ocrx_word' id='word_1_228' title='bbox 1371 3316 1412 3351; x_wconf 82' lang='lat' dir='ltr'><strong>er-</strong></span> 
     </span>
     <span class='ocr_line' id='line_1_23' title="bbox 290 3385 1413 3456; baseline 0.002 -21"><span class='ocrx_word' id='word_1_229' title='bbox 290 3386 382 3436; x_wconf 93' lang='lat' dir='ltr'><strong>minum</strong></span> <span class='ocrx_word' id='word_1_230' title='bbox 397 3385 506 3437; x_wconf 85' lang='lat' dir='ltr'><strong>Christus</strong></span> <span class='ocrx_word' id='word_1_231' title='bbox 521 3390 595 3438; x_wconf 86' lang='lat' dir='ltr'><strong>etiarn</strong></span> <span class='ocrx_word' id='word_1_232' title='bbox 610 3389 693 3456; x_wconf 90' lang='lat' dir='ltr'><strong>quoad</strong></span> <span class='ocrx_word' id='word_1_233' title='bbox 707 3388 839 3440; x_wconf 89' lang='lat' dir='ltr'><strong>humanam</strong></span> <span class='ocrx_word' id='word_1_234' title='bbox 867 3385 1016 3453; x_wconf 84' lang='lat' dir='ltr'><strong>planandam</strong></span> <span class='ocrx_word' id='word_1_235' title='bbox 1051 3385 1161 3437; x_wconf 78' lang='lat' dir='ltr'><strong>Hermae</strong></span> <span class='ocrx_word' id='word_1_236' title='bbox 1201 3386 1360 3456; x_wconf 77' lang='lat' dir='ltr'><strong>theologiam</strong></span> <span class='ocrx_word' id='word_1_237' title='bbox 1392 3392 1413 3436; x_wconf 87' lang='lat' dir='ltr'><strong>et</strong></span> 
     </span>
     <span class='ocr_line' id='line_1_24' title="bbox 291 3470 1412 3541; baseline 0.001 -20"><span class='ocrx_word' id='word_1_238' title='bbox 291 3487 361 3522; x_wconf 89' lang='lat' dir='ltr'><strong>snam</strong></span> <span class='ocrx_word' id='word_1_239' title='bbox 379 3480 493 3524; x_wconf 87' lang='lat' dir='ltr'><strong>naturam</strong></span> <span class='ocrx_word' id='word_1_240' title='bbox 506 3489 520 3523; x_wconf 93' lang='lat' dir='ltr'><strong>a</strong></span> <span class='ocrx_word' id='word_1_241' title='bbox 533 3473 607 3526; x_wconf 89' lang='lat' dir='ltr'><strong>Patre</strong></span> <span class='ocrx_word' id='word_1_242' title='bbox 625 3491 722 3527; x_wconf 88' lang='lat' dir='ltr'><strong>summo</strong></span> <span class='ocrx_word' id='word_1_243' title='bbox 741 3474 840 3527; x_wconf 89' lang='lat' dir='ltr'><strong>honore</strong></span> <span class='ocrx_word' id='word_1_244' title='bbox 867 3470 1061 3541; x_wconf 74' lang='lat' dir='ltr'><strong>christologiarn</strong></span> <span class='ocrx_word' id='word_1_245' title='bbox 1079 3473 1144 3524; x_wconf 83' lang='lat' dir='ltr'><strong>inira</strong></span> <span class='ocrx_word' id='word_1_246' title='bbox 1163 3474 1188 3524; x_wconf 86' lang='lat' dir='ltr'><strong>in</strong></span> <span class='ocrx_word' id='word_1_247' title='bbox 1207 3476 1278 3525; x_wconf 83' lang='lat' dir='ltr'><strong>notis</strong></span> <span class='ocrx_word' id='word_1_248' title='bbox 1298 3473 1331 3526; x_wconf 89' lang='lat' dir='ltr'><strong>ad</strong></span> <span class='ocrx_word' id='word_1_249' title='bbox 1348 3478 1412 3540; x_wconf 82' lang='lat' dir='ltr'><strong>capul</strong></span> 
     </span>
     <span class='ocr_line' id='line_1_25' title="bbox 291 3557 1411 3629; baseline -0.001 -21"><span class='ocrx_word' id='word_1_250' title='bbox 291 3559 454 3611; x_wconf 86' lang='lat' dir='ltr'><strong>allectusest.</strong></span> <span class='ocrx_word' id='word_1_251' title='bbox 482 3559 509 3611; x_wconf 94' lang='lat' dir='ltr'><strong>ln</strong></span> <span class='ocrx_word' id='word_1_252' title='bbox 522 3561 684 3614; x_wconf 89' lang='lat' dir='ltr'><strong>similitudine</strong></span> <span class='ocrx_word' id='word_1_253' title='bbox 697 3570 782 3614; x_wconf 90' lang='lat' dir='ltr'><strong>autem</strong></span> <span class='ocrx_word' id='word_1_254' title='bbox 797 3563 839 3613; x_wconf 91' lang='lat' dir='ltr'><strong>illa</strong></span> <span class='ocrx_word' id='word_1_255' title='bbox 867 3575 977 3629; x_wconf 82' lang='lat' dir='ltr'><strong>sequana</strong></span> <span class='ocrx_word' id='word_1_256' title='bbox 1012 3559 1252 3612; x_wconf 82' lang='lat' dir='ltr'><strong>demonstrabimus.</strong></span> <span class='ocrx_word' id='word_1_257' title='bbox 1285 3589 1321 3599; x_wconf 89' lang='lat'>-</span> <span class='ocrx_word' id='word_1_258' title='bbox 1356 3557 1411 3611; x_wconf 78' lang='lat' dir='ltr'><strong>ona</strong></span> 
     </span>
     <span class='ocr_line' id='line_1_26' title="bbox 291 3644 1410 3717; baseline 0 -22"><span class='ocrx_word' id='word_1_259' title='bbox 291 3654 392 3712; x_wconf 84' lang='lat' dir='ltr'><strong>praeter</strong></span> <span class='ocrx_word' id='word_1_260' title='bbox 417 3651 556 3702; x_wconf 78' lang='lat' dir='ltr'><strong>Dominum</strong></span> <span class='ocrx_word' id='word_1_261' title='bbox 583 3658 609 3701; x_wconf 82' lang='lat' dir='ltr'><strong>el</strong></span> <span class='ocrx_word' id='word_1_262' title='bbox 631 3667 740 3703; x_wconf 82' lang='lat' dir='ltr'><strong>aereum</strong></span> <span class='ocrx_word' id='word_1_263' title='bbox 765 3652 839 3701; x_wconf 87' lang='lat' dir='ltr'><strong>etiam</strong></span> <span class='ocrx_word' id='word_1_264' title='bbox 867 3665 924 3700; x_wconf 88' lang='lat' dir='ltr'><strong>cum</strong></span> <span class='ocrx_word' id='word_1_265' title='bbox 943 3645 1046 3710; x_wconf 77' lang='lat' dir='ltr'><strong>(italio,</strong></span> <span class='ocrx_word' id='word_1_266' title='bbox 1065 3644 1153 3712; x_wconf 81' lang='lat' dir='ltr'><strong>Rullo,</strong></span> <span class='ocrx_word' id='word_1_267' title='bbox 1174 3644 1280 3717; x_wconf 70' lang='lat' dir='ltr'><strong>litigio,</strong></span> <span class='ocrx_word' id='word_1_268' title='bbox 1308 3646 1410 3699; x_wconf 80' lang='lat' dir='ltr'><strong>ldhhlero</strong></span> 
     </span>
     <span class='ocr_line' id='line_1_27' title="bbox 292 3731 1409 3802; baseline 0.004 -20"><span class='ocrx_word' id='word_1_269' title='bbox 292 3731 324 3782; x_wconf 89' lang='lat' dir='ltr'><strong>de</strong></span> <span class='ocrx_word' id='word_1_270' title='bbox 350 3733 399 3783; x_wconf 90' lang='lat' dir='ltr'><strong>alia</strong></span> <span class='ocrx_word' id='word_1_271' title='bbox 423 3734 530 3802; x_wconf 88' lang='lat' dir='ltr'><strong>quadam</strong></span> <span class='ocrx_word' id='word_1_272' title='bbox 558 3750 667 3802; x_wconf 87' lang='lat' dir='ltr'><strong>persona</strong></span> <span class='ocrx_word' id='word_1_273' title='bbox 694 3735 720 3787; x_wconf 85' lang='lat' dir='ltr'><strong>lit</strong></span> <span class='ocrx_word' id='word_1_274' title='bbox 746 3750 839 3799; x_wconf 82' lang='lat' dir='ltr'><strong>sermo,</strong></span> <span class='ocrx_word' id='word_1_275' title='bbox 868 3734 1001 3801; x_wconf 76' lang='lat' dir='ltr'><strong>(Athenas.</strong></span> <span class='ocrx_word' id='word_1_276' title='bbox 1020 3732 1047 3784; x_wconf 83' lang='lat' dir='ltr'><strong>T.</strong></span> <span class='ocrx_word' id='word_1_277' title='bbox 1065 3731 1085 3784; x_wconf 91' lang='lat' dir='ltr'><strong>l.</strong></span> <span class='ocrx_word' id='word_1_278' title='bbox 1105 3749 1130 3800; x_wconf 91' lang='lat' dir='ltr'><strong>p.</strong></span> <span class='ocrx_word' id='word_1_279' title='bbox 1150 3732 1215 3801; x_wconf 89' lang='grc'>17),</span> <span class='ocrx_word' id='word_1_280' title='bbox 1235 3731 1409 3802; x_wconf 61' lang='lat' dir='ltr'><strong>aurugine·</strong></span> 
     </span>
     <span class='ocr_line' id='line_1_28' title="bbox 291 3815 1406 3890; baseline 0.002 -22"><span class='ocrx_word' id='word_1_281' title='bbox 291 3836 356 3887; x_wconf 90' lang='lat' dir='ltr'><strong>quae</strong></span> <span class='ocrx_word' id='word_1_282' title='bbox 375 3822 518 3870; x_wconf 85' lang='lat' dir='ltr'><strong>nominatur</strong></span> <span class='ocrx_word' id='word_1_283' title='bbox 531 3826 618 3875; x_wconf 75' lang='lat' dir='ltr'><strong>Filius</strong></span> <span class='ocrx_word' id='word_1_284' title='bbox 638 3827 782 3877; x_wconf 76' lang='lat' dir='ltr'><strong>calcares.</strong></span> <span class='ocrx_word' id='word_1_285' title='bbox 813 3820 840 3873; x_wconf 91' lang='lat' dir='ltr'><strong>ln</strong></span> <span class='ocrx_word' id='word_1_286' title='bbox 868 3819 956 3871; x_wconf 82' lang='lat' dir='ltr'><strong>Crusio</strong></span> <span class='ocrx_word' id='word_1_287' title='bbox 981 3817 1126 3886; x_wconf 83' lang='lat' dir='ltr'><strong>(hehrbuch</strong></span> <span class='ocrx_word' id='word_1_288' title='bbox 1146 3816 1193 3870; x_wconf 87' lang='lat' dir='ltr'><strong>der</strong></span> <span class='ocrx_word' id='word_1_289' title='bbox 1213 3815 1406 3890; x_wconf 73' lang='lat' dir='ltr'><strong>Dogmcugeach</strong></span> 
     </span>
     <span class='ocr_line' id='line_1_29' title="bbox 292 3902 1406 3975; baseline 0 -21"><span class='ocrx_word' id='word_1_290' title='bbox 292 3904 460 3970; x_wconf 82' lang='lat' dir='ltr'><strong>explicatione</strong></span> <span class='ocrx_word' id='word_1_291' title='bbox 479 3904 647 3957; x_wconf 83' lang='lat' dir='ltr'><strong>similitudinis</strong></span> <span class='ocrx_word' id='word_1_292' title='bbox 665 3907 707 3959; x_wconf 89' lang='lat' dir='ltr'><strong>hie</strong></span> <span class='ocrx_word' id='word_1_293' title='bbox 719 3908 798 3961; x_wconf 80' lang='lat' dir='ltr'><strong>Filiae</strong></span> <span class='ocrx_word' id='word_1_294' title='bbox 815 3916 841 3960; x_wconf 88' lang='lat' dir='ltr'><strong>et</strong></span> <span class='ocrx_word' id='word_1_295' title='bbox 867 3905 894 3958; x_wconf 87' lang='grc'>’1.</span> <span class='ocrx_word' id='word_1_296' title='bbox 905 3906 935 3957; x_wconf 90' lang='lat' dir='ltr'><strong>ll.</strong></span> <span class='ocrx_word' id='word_1_297' title='bbox 945 3923 970 3974; x_wconf 91' lang='lat' dir='ltr'><strong>p.</strong></span> <span class='ocrx_word' id='word_1_298' title='bbox 980 3905 1070 3973; x_wconf 81' lang='lat'><strong>1052),</strong></span> <span class='ocrx_word' id='word_1_299' title='bbox 1082 3902 1242 3957; x_wconf 78' lang='lat' dir='ltr'><strong>lachmanno</strong></span> <span class='ocrx_word' id='word_1_300' title='bbox 1256 3906 1286 3972; x_wconf 74' lang='grc' dir='ltr'><strong>(Ι.</strong></span> <span class='ocrx_word' id='word_1_301' title='bbox 1297 3924 1320 3959; x_wconf 75' lang='lat' dir='ltr'><strong>e</strong></span> <span class='ocrx_word' id='word_1_302' title='bbox 1330 3924 1354 3975; x_wconf 89' lang='lat' dir='ltr'><strong>p.</strong></span> <span class='ocrx_word' id='word_1_303' title='bbox 1364 3905 1406 3966; x_wconf 83' lang='lat' dir='ltr'><strong>ld),</strong></span> 
     </span>
     <span class='ocr_line' id='line_1_30' title="bbox 291 3989 1404 4059; baseline 0.002 -20"><span class='ocrx_word' id='word_1_304' title='bbox 291 3989 383 4040; x_wconf 83' lang='lat' dir='ltr'><strong>haeres</strong></span> <span class='ocrx_word' id='word_1_305' title='bbox 401 4005 563 4057; x_wconf 78' lang='lat' dir='ltr'><strong>summopere</strong></span> <span class='ocrx_word' id='word_1_306' title='bbox 581 3992 730 4046; x_wconf 87' lang='lat' dir='ltr'><strong>discernitur</strong></span> <span class='ocrx_word' id='word_1_307' title='bbox 747 3994 841 4047; x_wconf 82' lang='lat' dir='ltr'><strong>aFilio</strong></span> <span class='ocrx_word' id='word_1_308' title='bbox 868 3992 1045 4044; x_wconf 85' lang='lat' dir='ltr'><strong>Schlieaaanuo</strong></span> <span class='ocrx_word' id='word_1_309' title='bbox 1074 3991 1129 4059; x_wconf 85' lang='lat' dir='ltr'><strong>(die</strong></span> <span class='ocrx_word' id='word_1_310' title='bbox 1160 3989 1343 4046; x_wconf 74' lang='lat' dir='ltr'><strong>clementiores</strong></span> <span class='ocrx_word' id='word_1_311' title='bbox 1369 3998 1404 4043; x_wconf 75' lang='lat' dir='ltr'><strong>etr.</strong></span> 
     </span>
     <span class='ocr_line' id='line_1_31' title="bbox 293 4075 1406 4148; baseline 0.007 -23"><span class='ocrx_word' id='word_1_312' title='bbox 293 4076 342 4125; x_wconf 87' lang='lat' dir='ltr'><strong>Dei</strong></span> <span class='ocrx_word' id='word_1_313' title='bbox 362 4077 392 4142; x_wconf 85' lang='lat' dir='ltr'><strong>(i.</strong></span> <span class='ocrx_word' id='word_1_314' title='bbox 407 4093 430 4128; x_wconf 89' lang='lat' dir='ltr'><strong>e.</strong></span> <span class='ocrx_word' id='word_1_315' title='bbox 445 4075 560 4140; x_wconf 79' lang='lat' dir='ltr'><strong>Christo,</strong></span> <span class='ocrx_word' id='word_1_316' title='bbox 577 4083 681 4143; x_wconf 83' lang='lat' dir='ltr'><strong>servo),</strong></span> <span class='ocrx_word' id='word_1_317' title='bbox 701 4089 726 4131; x_wconf 89' lang='lat' dir='ltr'><strong>ct</strong></span> <span class='ocrx_word' id='word_1_318' title='bbox 737 4090 842 4133; x_wconf 81' lang='lat' dir='ltr'><strong>vocatur</strong></span> <span class='ocrx_word' id='word_1_319' title='bbox 867 4096 893 4147; x_wconf 90' lang='lat' dir='ltr'><strong>p.</strong></span> <span class='ocrx_word' id='word_1_320' title='bbox 904 4079 970 4148; x_wconf 75' lang='lat'>423)</span> <span class='ocrx_word' id='word_1_321' title='bbox 988 4088 1014 4130; x_wconf 88' lang='lat' dir='ltr'><strong>et</strong></span> <span class='ocrx_word' id='word_1_322' title='bbox 1031 4079 1086 4130; x_wconf 84' lang='lat' dir='ltr'><strong>aliis</strong></span> <span class='ocrx_word' id='word_1_323' title='bbox 1098 4077 1146 4130; x_wconf 89' lang='lat' dir='ltr'><strong>enh</strong></span> <span class='ocrx_word' id='word_1_324' title='bbox 1158 4080 1291 4132; x_wconf 78' lang='lat' dir='ltr'><strong>uocabulo</strong></span> <span class='ocrx_word' id='word_1_325' title='bbox 1302 4083 1406 4148; x_wconf 62' lang='lat' dir='ltr'><strong>&amp;aare</strong></span> 
     </span>
     <span class='ocr_line' id='line_1_32' title="bbox 293 4162 1404 4235; baseline 0.003 -23"><span class='ocrx_word' id='word_1_326' title='bbox 293 4162 335 4213; x_wconf 89' lang='lat' dir='ltr'><strong>ille</strong></span> <span class='ocrx_word' id='word_1_327' title='bbox 353 4167 474 4231; x_wconf 79' lang='lat' dir='ltr'><strong>Spiritus</strong></span> <span class='ocrx_word' id='word_1_328' title='bbox 492 4175 612 4218; x_wconf 80' lang='lat' dir='ltr'><strong>sanctae.</strong></span> <span class='ocrx_word' id='word_1_329' title='bbox 641 4163 780 4219; x_wconf 88' lang='lat' dir='ltr'><strong>Praesente</strong></span> <span class='ocrx_word' id='word_1_330' title='bbox 793 4168 841 4219; x_wconf 85' lang='lat' dir='ltr'><strong>hoc</strong></span> <span class='ocrx_word' id='word_1_331' title='bbox 867 4170 955 4220; x_wconf 80' lang='lat' dir='ltr'><strong>sancti</strong></span> <span class='ocrx_word' id='word_1_332' title='bbox 978 4164 1168 4232; x_wconf 77' lang='lat' dir='ltr'><strong>intelligendam</strong></span> <span class='ocrx_word' id='word_1_333' title='bbox 1193 4181 1253 4218; x_wconf 86' lang='lat' dir='ltr'><strong>esse</strong></span> <span class='ocrx_word' id='word_1_334' title='bbox 1279 4168 1404 4235; x_wconf 77' lang='lat' dir='ltr'><strong>patarinos</strong></span> 
     </span>
     <span class='ocr_line' id='line_1_33' title="bbox 294 4248 1404 4321; baseline 0.001 -21"><span class='ocrx_word' id='word_1_335' title='bbox 294 4248 388 4315; x_wconf 88' lang='lat' dir='ltr'><strong>Spiritu</strong></span> <span class='ocrx_word' id='word_1_336' title='bbox 407 4259 495 4300; x_wconf 85' lang='lat' dir='ltr'><strong>sancto</strong></span> <span class='ocrx_word' id='word_1_337' title='bbox 512 4258 538 4301; x_wconf 87' lang='lat' dir='ltr'><strong>et</strong></span> <span class='ocrx_word' id='word_1_338' title='bbox 556 4254 732 4318; x_wconf 85' lang='lat' dir='ltr'><strong>praesentibus</strong></span> <span class='ocrx_word' id='word_1_339' title='bbox 746 4254 842 4321; x_wconf 75' lang='lat' dir='ltr'><strong>angelis</strong></span> <span class='ocrx_word' id='word_1_340' title='bbox 867 4254 1032 4306; x_wconf 74' lang='lat' dir='ltr'><strong>divinitatem</strong></span> <span class='ocrx_word' id='word_1_341' title='bbox 1050 4254 1166 4315; x_wconf 75' lang='lat' dir='ltr'><strong>Christi,</strong></span> <span class='ocrx_word' id='word_1_342' title='bbox 1191 4248 1238 4300; x_wconf 79' lang='grc' dir='ltr'><strong>τόν</strong></span> <span class='ocrx_word' id='word_1_343' title='bbox 1254 4247 1404 4319; x_wconf 74' lang='lat' dir='ltr'><strong>Adycr,qu&#39;</strong></span> 
     </span>
     <span class='ocr_line' id='line_1_34' title="bbox 294 4333 1403 4406; baseline 0 -18"><span class='ocrx_word' id='word_1_344' title='bbox 294 4352 384 4388; x_wconf 85' lang='lat' dir='ltr'><strong>servus</strong></span> <span class='ocrx_word' id='word_1_345' title='bbox 408 4335 452 4386; x_wconf 88' lang='lat' dir='ltr'><strong>illc</strong></span> <span class='ocrx_word' id='word_1_346' title='bbox 471 4333 582 4388; x_wconf 84' lang='lat' dir='ltr'><strong>Christus</strong></span> <span class='ocrx_word' id='word_1_347' title='bbox 608 4353 622 4388; x_wconf 88' lang='lat' dir='ltr'><strong>a</strong></span> <span class='ocrx_word' id='word_1_348' title='bbox 642 4337 749 4391; x_wconf 85' lang='lat' dir='ltr'><strong>Domino</strong></span> <span class='ocrx_word' id='word_1_349' title='bbox 770 4340 841 4390; x_wconf 79' lang='lat' dir='ltr'><strong>exal·</strong></span> <span class='ocrx_word' id='word_1_350' title='bbox 869 4345 895 4388; x_wconf 86' lang='lat' dir='ltr'><strong>at</strong></span> <span class='ocrx_word' id='word_1_351' title='bbox 914 4336 977 4387; x_wconf 89' lang='lat' dir='ltr'><strong>alias</strong></span> <span class='ocrx_word' id='word_1_352' title='bbox 996 4353 1020 4388; x_wconf 86' lang='lat' dir='ltr'><strong>e.</strong></span> <span class='ocrx_word' id='word_1_353' title='bbox 1039 4352 1064 4405; x_wconf 70' lang='lat' dir='ltr'><strong>g.</strong></span> <span class='ocrx_word' id='word_1_354' title='bbox 1082 4353 1097 4389; x_wconf 82' lang='lat' dir='ltr'><strong>a</strong></span> <span class='ocrx_word' id='word_1_355' title='bbox 1116 4336 1274 4390; x_wconf 85' lang='lat' dir='ltr'><strong>Tertulliano</strong></span> <span class='ocrx_word' id='word_1_356' title='bbox 1293 4338 1340 4406; x_wconf 88' lang='lat' dir='ltr'><strong>(de</strong></span> <span class='ocrx_word' id='word_1_357' title='bbox 1356 4342 1403 4389; x_wconf 77' lang='lat' dir='ltr'><strong>orat</strong></span> 
     </span>
     <span class='ocr_line' id='line_1_35' title="bbox 294 4420 1404 4491; baseline -0.002 -18"><span class='ocrx_word' id='word_1_358' title='bbox 294 4430 361 4473; x_wconf 85' lang='lat' dir='ltr'><strong>tatnr</strong></span> <span class='ocrx_word' id='word_1_359' title='bbox 374 4429 400 4471; x_wconf 90' lang='lat' dir='ltr'><strong>et</strong></span> <span class='ocrx_word' id='word_1_360' title='bbox 412 4420 537 4472; x_wconf 84' lang='lat' dir='ltr'><strong>cohaeres</strong></span> <span class='ocrx_word' id='word_1_361' title='bbox 551 4422 701 4491; x_wconf 86' lang='lat' dir='ltr'><strong>declaratur,</strong></span> <span class='ocrx_word' id='word_1_362' title='bbox 719 4426 842 4478; x_wconf 88' lang='lat' dir='ltr'><strong>cohaeres</strong></span> <span class='ocrx_word' id='word_1_363' title='bbox 869 4438 892 4474; x_wconf 83' lang='lat' dir='ltr'><strong>c.</strong></span> <span class='ocrx_word' id='word_1_364' title='bbox 909 4423 935 4486; x_wconf 77' lang='lat'><strong>1)</strong></span> <span class='ocrx_word' id='word_1_365' title='bbox 955 4422 987 4475; x_wconf 82' lang='lat' dir='ltr'><strong>sb</strong></span> <span class='ocrx_word' id='word_1_366' title='bbox 999 4422 1136 4490; x_wconf 69' lang='lat' dir='ltr'><strong>Hippolyto</strong></span> <span class='ocrx_word' id='word_1_367' title='bbox 1147 4423 1221 4491; x_wconf 84' lang='lat' dir='ltr'><strong>(ads.</strong></span> <span class='ocrx_word' id='word_1_368' title='bbox 1233 4423 1343 4478; x_wconf 67' lang='lat' dir='ltr'><strong>Nectum</strong></span> <span class='ocrx_word' id='word_1_369' title='bbox 1354 4440 1372 4475; x_wconf 80' lang='lat' dir='ltr'><strong>c</strong></span> <span class='ocrx_word' id='word_1_370' title='bbox 1383 4421 1404 4488; x_wconf 90' lang='grc'>1)</span> 
     </span>
     <span class='ocr_line' id='line_1_36' title="bbox 294 4507 1404 4581; baseline -0.004 -20"><span class='ocrx_word' id='word_1_371' title='bbox 294 4509 393 4577; x_wconf 88' lang='lat' dir='ltr'><strong>spiritui</strong></span> <span class='ocrx_word' id='word_1_372' title='bbox 406 4515 504 4571; x_wconf 81' lang='lat' dir='ltr'><strong>sancto,</strong></span> <span class='ocrx_word' id='word_1_373' title='bbox 517 4509 533 4558; x_wconf 91' lang='lat' dir='ltr'><strong>i.</strong></span> <span class='ocrx_word' id='word_1_374' title='bbox 547 4523 570 4558; x_wconf 88' lang='lat' dir='ltr'><strong>e.</strong></span> <span class='ocrx_word' id='word_1_375' title='bbox 584 4507 698 4562; x_wconf 87' lang='lat' dir='ltr'><strong>Christus</strong></span> <span class='ocrx_word' id='word_1_376' title='bbox 709 4514 843 4564; x_wconf 84' lang='lat' dir='ltr'><strong>assumitur</strong></span> <span class='ocrx_word' id='word_1_377' title='bbox 870 4517 896 4560; x_wconf 87' lang='lat' dir='ltr'><strong>et</strong></span> <span class='ocrx_word' id='word_1_378' title='bbox 914 4526 928 4561; x_wconf 86' lang='lat' dir='ltr'><strong>a</strong></span> <span class='ocrx_word' id='word_1_379' title='bbox 941 4508 1085 4578; x_wconf 80' lang='lat' dir='ltr'><strong>Theophila</strong></span> <span class='ocrx_word' id='word_1_380' title='bbox 1097 4507 1261 4564; x_wconf 74' lang='lat' dir='ltr'><strong>Antiocheno</strong></span> <span class='ocrx_word' id='word_1_381' title='bbox 1279 4511 1326 4581; x_wconf 82' lang='lat' dir='ltr'><strong>(ad</strong></span> <span class='ocrx_word' id='word_1_382' title='bbox 1339 4515 1404 4562; x_wconf 78' lang='lat' dir='ltr'><strong>dato·</strong></span> 
     </span>
     <span class='ocr_line' id='line_1_37' title="bbox 295 4593 1403 4665; baseline -0.002 -18"><span class='ocrx_word' id='word_1_383' title='bbox 295 4598 320 4647; x_wconf 87' lang='lat' dir='ltr'><strong>iu</strong></span> <span class='ocrx_word' id='word_1_384' title='bbox 349 4594 437 4646; x_wconf 87' lang='lat' dir='ltr'><strong>coelos</strong></span> <span class='ocrx_word' id='word_1_385' title='bbox 467 4602 494 4645; x_wconf 84' lang='lat' dir='ltr'><strong>et</strong></span> <span class='ocrx_word' id='word_1_386' title='bbox 523 4593 631 4645; x_wconf 89' lang='lat' dir='ltr'><strong>humana</strong></span> <span class='ocrx_word' id='word_1_387' title='bbox 658 4612 760 4665; x_wconf 90' lang='lat' dir='ltr'><strong>quoque</strong></span> <span class='ocrx_word' id='word_1_388' title='bbox 789 4597 843 4662; x_wconf 85' lang='lat' dir='ltr'><strong>ejus</strong></span> <span class='ocrx_word' id='word_1_389' title='bbox 870 4596 920 4663; x_wconf 73' lang='lat' dir='ltr'><strong>lya.</strong></span> <span class='ocrx_word' id='word_1_390' title='bbox 939 4596 982 4649; x_wconf 87' lang='lat' dir='ltr'><strong>lib.</strong></span> <span class='ocrx_word' id='word_1_391' title='bbox 1000 4593 1031 4647; x_wconf 88' lang='lat'><strong>11.</strong></span> <span class='ocrx_word' id='word_1_392' title='bbox 1051 4613 1074 4648; x_wconf 90' lang='lat' dir='ltr'><strong>e.</strong></span> <span class='ocrx_word' id='word_1_393' title='bbox 1093 4595 1139 4661; x_wconf 87' lang='grc'>10)</span> <span class='ocrx_word' id='word_1_394' title='bbox 1163 4596 1275 4665; x_wconf 83' lang='lat' dir='ltr'><strong>Spiritus</strong></span> <span class='ocrx_word' id='word_1_395' title='bbox 1298 4597 1345 4649; x_wconf 79' lang='lat' dir='ltr'><strong>uei</strong></span> <span class='ocrx_word' id='word_1_396' title='bbox 1365 4609 1403 4647; x_wconf 85' lang='lat' dir='ltr'><strong>ro·</strong></span> 
     </span>
     <span class='ocr_line' id='line_1_38' title="bbox 295 4677 1404 4750; baseline -0.002 -16"><span class='ocrx_word' id='word_1_397' title='bbox 295 4692 385 4734; x_wconf 87' lang='lat' dir='ltr'><strong>natura</strong></span> <span class='ocrx_word' id='word_1_398' title='bbox 403 4682 517 4746; x_wconf 83' lang='lat' dir='ltr'><strong>(servus)</strong></span> <span class='ocrx_word' id='word_1_399' title='bbox 537 4680 612 4732; x_wconf 82' lang='lat' dir='ltr'><strong>divini</strong></span> <span class='ocrx_word' id='word_1_400' title='bbox 628 4680 731 4733; x_wconf 87' lang='lat' dir='ltr'><strong>honoris</strong></span> <span class='ocrx_word' id='word_1_401' title='bbox 743 4683 770 4733; x_wconf 85' lang='lat' dir='ltr'><strong>iit</strong></span> <span class='ocrx_word' id='word_1_402' title='bbox 782 4699 843 4750; x_wconf 91' lang='lat' dir='ltr'><strong>par·</strong></span> <span class='ocrx_word' id='word_1_403' title='bbox 870 4692 949 4736; x_wconf 85' lang='lat' dir='ltr'><strong>catus.</strong></span> <span class='ocrx_word' id='word_1_404' title='bbox 992 4680 1072 4734; x_wconf 87' lang='lat' dir='ltr'><strong>Simili</strong></span> <span class='ocrx_word' id='word_1_405' title='bbox 1101 4683 1179 4735; x_wconf 84' lang='lat' dir='ltr'><strong>modo</strong></span> <span class='ocrx_word' id='word_1_406' title='bbox 1210 4681 1241 4737; x_wconf 90' lang='lat' dir='ltr'><strong>B.</strong></span> <span class='ocrx_word' id='word_1_407' title='bbox 1270 4683 1357 4737; x_wconf 80' lang='lat' dir='ltr'><strong>Paulus</strong></span> <span class='ocrx_word' id='word_1_408' title='bbox 1380 4677 1404 4732; x_wconf 84' lang='lat' dir='ltr'><strong>ad</strong></span> 
     </span>
    </p>
   </div>
   <div class='ocr_carea' id='block_1_4' title="bbox 199 4763 1404 4843">
    <p class='ocr_par' dir='ltr' id='par_1_7' title="bbox 199 4763 1404 4843">
     <span class='ocr_line' id='line_1_39' title="bbox 199 4763 1404 4843; baseline 0.002 -23"><span class='ocrx_word' id='word_1_409' title='bbox 199 4763 206 4776; x_wconf 84' lang='lat'>’</span> <span class='ocrx_word' id='word_1_410' title='bbox 296 4772 385 4835; x_wconf 83' lang='lat' dir='ltr'><strong>ticeps.</strong></span> <span class='ocrx_word' id='word_1_411' title='bbox 406 4765 496 4818; x_wconf 84' lang='lat' dir='ltr'><strong>—Ea</strong></span> <span class='ocrx_word' id='word_1_412' title='bbox 520 4766 595 4818; x_wconf 88' lang='lat' dir='ltr'><strong>dictis</strong></span> <span class='ocrx_word' id='word_1_413' title='bbox 619 4776 739 4833; x_wconf 80' lang='lat' dir='ltr'><strong>apparet,</strong></span> <span class='ocrx_word' id='word_1_414' title='bbox 767 4767 843 4819; x_wconf 81' lang='lat' dir='ltr'><strong>valde</strong></span> <span class='ocrx_word' id='word_1_415' title='bbox 871 4769 942 4822; x_wconf 82' lang='lat' dir='ltr'><strong>liom.</strong></span> <span class='ocrx_word' id='word_1_416' title='bbox 963 4767 987 4833; x_wconf 86' lang='lat'><strong>1,</strong></span> <span class='ocrx_word' id='word_1_417' title='bbox 1006 4768 1091 4822; x_wconf 71' lang='lat' dir='ltr'><strong>deti</strong></span> <span class='ocrx_word' id='word_1_418' title='bbox 1109 4769 1244 4838; x_wconf 68' lang='lat' dir='ltr'><strong>distinguit</strong></span> <span class='ocrx_word' id='word_1_419' title='bbox 1262 4768 1404 4843; x_wconf 57' lang='lat' dir='ltr'><strong>intercid-</strong></span> 
     </span>
    </p>
   </div>
   <div class='ocr_carea' id='block_1_5' title="bbox 298 4850 1405 5098">
    <p class='ocr_par' dir='ltr' id='par_1_8' title="bbox 298 4850 1405 5098">
     <span class='ocr_line' id='line_1_40' title="bbox 298 4850 1405 4921; baseline -0.004 -14"><span class='ocrx_word' id='word_1_420' title='bbox 298 4872 386 4907; x_wconf 87' lang='lat' dir='ltr'><strong>omnes</strong></span> <span class='ocrx_word' id='word_1_421' title='bbox 405 4871 505 4918; x_wconf 82' lang='lat' dir='ltr'><strong>errare,</strong></span> <span class='ocrx_word' id='word_1_422' title='bbox 525 4855 566 4921; x_wconf 89' lang='lat' dir='ltr'><strong>qui</strong></span> <span class='ocrx_word' id='word_1_423' title='bbox 584 4853 843 4919; x_wconf 78' lang='lat' dir='ltr'><strong>contenderouelint,</strong></span> <span class='ocrx_word' id='word_1_424' title='bbox 869 4863 936 4909; x_wconf 89' lang='lat' dir='ltr'><strong>stum</strong></span> <span class='ocrx_word' id='word_1_425' title='bbox 970 4854 1033 4905; x_wconf 76' lang='lat' dir='ltr'><strong>mii</strong></span> <span class='ocrx_word' id='word_1_426' title='bbox 1067 4850 1142 4920; x_wconf 68' lang='grc' dir='ltr'>σᾰρκιι</span> <span class='ocrx_word' id='word_1_427' title='bbox 1172 4863 1200 4907; x_wconf 87' lang='lat' dir='ltr'><strong>et</strong></span> <span class='ocrx_word' id='word_1_428' title='bbox 1228 4855 1294 4907; x_wconf 74' lang='lat' dir='ltr'><strong>md</strong></span> <span class='ocrx_word' id='word_1_429' title='bbox 1326 4856 1405 4916; x_wconf 62' lang='lat' dir='ltr'><strong>noeirs</strong></span> 
     </span>
     <span class='ocr_line' id='line_1_41' title="bbox 299 4938 1404 5011; baseline 0.001 -18"><span class='ocrx_word' id='word_1_430' title='bbox 299 4945 398 4994; x_wconf 76' lang='lat' dir='ltr'><strong>Filium</strong></span> <span class='ocrx_word' id='word_1_431' title='bbox 416 4946 466 4996; x_wconf 78' lang='lat' dir='ltr'><strong>Dei</strong></span> <span class='ocrx_word' id='word_1_432' title='bbox 483 4949 509 4992; x_wconf 87' lang='lat' dir='ltr'><strong>et</strong></span> <span class='ocrx_word' id='word_1_433' title='bbox 527 4944 659 5009; x_wconf 66' lang='lat' dir='ltr'><strong>Spiritum</strong></span> <span class='ocrx_word' id='word_1_434' title='bbox 676 4951 800 4996; x_wconf 74' lang='lat' dir='ltr'><strong>sanctona</strong></span> <span class='ocrx_word' id='word_1_435' title='bbox 811 4942 843 4994; x_wconf 83' lang='lat' dir='ltr'><strong>ab</strong></span> <span class='ocrx_word' id='word_1_436' title='bbox 869 4939 1003 5010; x_wconf 67' lang='lat' dir='ltr'><strong>dymodrqe</strong></span> <span class='ocrx_word' id='word_1_437' title='bbox 1031 4940 1078 4994; x_wconf 87' lang='lat' dir='ltr'><strong>ille</strong></span> <span class='ocrx_word' id='word_1_438' title='bbox 1095 4938 1112 4990; x_wconf 82' lang='lat' dir='ltr'><strong>d</strong></span> <span class='ocrx_word' id='word_1_439' title='bbox 1127 4939 1192 4992; x_wconf 69' lang='lat' dir='ltr'><strong>eard</strong></span> <span class='ocrx_word' id='word_1_440' title='bbox 1209 4941 1288 5011; x_wconf 67' lang='grc' dir='ltr'><em>σάρκα</em></span> <span class='ocrx_word' id='word_1_441' title='bbox 1304 4951 1342 4997; x_wconf 66' lang='grc' dir='ltr'>ω</span> <span class='ocrx_word' id='word_1_442' title='bbox 1355 4940 1404 4994; x_wconf 67' lang='lat' dir='ltr'><strong>ssiu</strong></span> 
     </span>
     <span class='ocr_line' id='line_1_42' title="bbox 299 5024 1404 5098; baseline 0.005 -21"><span class='ocrx_word' id='word_1_443' title='bbox 299 5026 392 5078; x_wconf 89' lang='lat' dir='ltr'><strong>llerma</strong></span> <span class='ocrx_word' id='word_1_444' title='bbox 410 5027 538 5080; x_wconf 85' lang='lat' dir='ltr'><strong>conlundi.</strong></span> <span class='ocrx_word' id='word_1_445' title='bbox 551 5057 584 5067; x_wconf 93' lang='lat'><em>-</em></span> <span class='ocrx_word' id='word_1_446' title='bbox 597 5028 648 5081; x_wconf 88' lang='lat' dir='ltr'><strong>Sed</strong></span> <span class='ocrx_word' id='word_1_447' title='bbox 666 5028 775 5083; x_wconf 80' lang='lat' dir='ltr'><strong>fortasse</strong></span> <span class='ocrx_word' id='word_1_448' title='bbox 789 5029 845 5098; x_wconf 79' lang='lat' dir='ltr'><strong>quis</strong></span> <span class='ocrx_word' id='word_1_449' title='bbox 870 5027 994 5095; x_wconf 83' lang='lat' dir='ltr'><strong>hominis,</strong></span> <span class='ocrx_word' id='word_1_450' title='bbox 1011 5026 1054 5080; x_wconf 91' lang='lat' dir='ltr'><strong>hic</strong></span> <span class='ocrx_word' id='word_1_451' title='bbox 1071 5024 1087 5079; x_wconf 82' lang='lat' dir='ltr'><strong>d</strong></span> <span class='ocrx_word' id='word_1_452' title='bbox 1103 5025 1167 5078; x_wconf 70' lang='lat' dir='ltr'><strong>:aad</strong></span> <span class='ocrx_word' id='word_1_453' title='bbox 1181 5032 1286 5097; x_wconf 73' lang='grc' dir='ltr'><strong><em>πνεῦμα</em></strong></span> <span class='ocrx_word' id='word_1_454' title='bbox 1302 5051 1337 5084; x_wconf 86' lang='lat'>=</span> <span class='ocrx_word' id='word_1_455' title='bbox 1350 5025 1404 5082; x_wconf 77' lang='lat' dir='ltr'><strong>diri·</strong></span> 
     </span>
    </p>
   </div>
   <div class='ocr_carea' id='block_1_6' title="bbox 0 0 1542 6450">
    <p class='ocr_par' dir='ltr' id='par_1_9' title="bbox 0 0 1542 6450">
     <span class='ocr_line' id='line_1_43' title="bbox 0 0 1542 6450; baseline 0 0"><span class='ocrx_word' id='word_1_456' title='bbox 0 0 1542 6450; x_wconf 95' lang='lat' dir='ltr'><strong> </strong></span> 
     </span>
    </p>
   </div>
  </div>
 </body>
</html>
