3067 6450
136 1192 164 1246 8.
186 1189 393 1261 assumus]
572 1188 827 1244 rautuuouunn.
1166 1193 1266 1248 mm

138 1351 353 1433 Apostolorum
376 1352 453 1414 Petri
485 1359 515 1415 et
545 1351 627 1414 Pauli
656 1352 843 1432 martyrium,
875 1353 955 1416 circa
986 1353 1022 1416 A.
1052 1351 1094 1418 68
1125 1355 1264 1436 scriptam

138 1475 204 1517 enm
221 1473 291 1517 esse
307 1457 495 1520 contendunt.
536 1456 704 1518 Cotelerius
729 1463 836 1537 autem,
858 1460 1073 1540 Tillemontius,
1087 1461 1263 1542 Lumperus,

137 1561 327 1624 Scidiemann
355 1559 425 1644 (die
456 1560 660 1623 Clementinen
691 1579 719 1641 p.
743 1558 808 1624 409
831 1559 914 1645 sip),
946 1563 1064 1626 Bunsen
1096 1561 1208 1646 (ignat.
1234 1585 1275 1655 v.

137 1664 278 1728 Antioch.
302 1671 357 1725 ete.
381 1683 409 1746 p.
433 1661 514 1747 95),
544 1664 655 1727 ltitschl
680 1662 717 1745 (l.
742 1682 766 1725 c.
790 1684 818 1746 p.
843 1663 926 1747 282)
950 1673 980 1727 et
1003 1667 1170 1750 Hilgenfeld
1195 1665 1264 1750 (die

136 1769 265 1850 apostol.
293 1769 382 1832 viter
419 1767 511 1833 1853.
545 1788 572 1850 p.
595 1766 638 1832 84
670 1776 701 1831 et
731 1765 795 1850 99)
831 1769 1012 1850 temporibus
1047 1772 1264 1852 persecutionis

137 1873 299 1937 Domitiani
322 1874 399 1934 circa
426 1872 460 1934 A.
487 1867 663 1936 devertit
687 1892 752 1934 eam
777 1873 1138 1937 exoratamarbitrantur.

227 1978 302 2041 'lota
333 1978 408 2039 haee
438 1979 574 2057 quaestio
608 1976 745 2038 laeillime
777 1983 883 2058 posset
904 1976 1055 2059 dissolvi,
1089 1980 1115 2039 si
1149 1983 1264 2060 tempus

136 2081 314 2145 Clementini
337 2083 525 2162 episcopatus
549 2081 635 2162 plane
660 2088 820 2144 constaret.
866 2081 913 2143 Ex
939 2099 1031 2161 supra
1058 2082 1143 2143 dictis
1166 2091 1264 2145 autem

136 2187 348 2263 intelleximus,
371 2185 606 2248 ecclesiasticum
622 2185 782 2247 Clementis
798 2185 934 2266 regimen
956 2191 1005 2248 aul
1021 2187 1106 2248 annis
1122 2183 1264 2264 68-77,
1357 2200 1366 2228 t

140 2296 191 2352 aut
214 2286 362 2353 92-101
388 2306 458 2351 esse
481 2289 678 2358 tribuendum.

232 2394 328 2468 Ouum
352 2413 424 2457 uero
448 2412 497 2456 res
521 2396 558 2456 ita
581 2412 615 2455 se
639 2394 753 2472 habeat,
777 2393 931 2475 epistolum
951 2393 1043 2476 ipsam
1065 2378 1264 2476 inspiciamus,

136 2500 283 2578 temporis
307 2497 412 2560 indicia
436 2499 652 2580 investigatum.

185 2601 224 2684 a)
248 2601 385 2664 Clemens
419 2603 550 2683 niartyrtt
582 2601 795 2682 Apostolorum
826 2602 904 2664 Petri
939 2608 968 2663 et
998 2603 1079 2665 Pauli
1115 2605 1212 2685 capite
1243 2603 1263 2669 5

249 2709 427 2768 mentionem
461 2705 572 2767 iaciens
602 2710 657 2766 ait:
694 2697 840 2786 ἔλθωμεν
872 2702 926 2769 ἐπὶ
960 2701 1059 2778 τούς
1092 2698 1265 2790 ἔγγιστα

250 2806 429 2892 rumpimus
462 2799 616 2893 dotarii.
661 2809 733 2871 laide
765 2818 906 2890 apparet,
941 2810 1095 2892 epistolam
1130 2821 1263 2875 nostram

250 2932 309 2977 non
332 2915 422 2977 inulto
446 2923 514 2996 post
537 2918 646 2976 obitum
664 2915 886 2994 Apostolorum,
910 2917 927 2976 i.
949 2934 975 2978 e.
999 2934 1059 2978 uon
1082 2918 1172 2980 nirdto
1196 2922 1263 2999 post

251 3022 490 3099 persecutionem
513 3019 642 3081 Neronis
666 3026 817 3079 exaratum
841 3036 919 3080 esse.

186 3120 226 3207 b)
250 3123 353 3203 Capite
369 3121 387 3186 6
405 3126 574 3203 persecutio
591 3142 687 3205 nuper
703 3125 905 3205 praeterlapsis
922 3121 968 3207 (e.
984 3122 1022 3210 l)
1038 3125 1114 3188 adeo
1130 3133 1263 3204 eruenta,

250 3238 281 3291 et
304 3230 458 3292 multitudo
481 3239 642 3312 martyrum
667 3237 745 3291 tantu
769 3231 956 3304 describitur,
985 3238 1016 3292 ut
1038 3231 1178 3306 Neronis,
1202 3248 1262 3291 non

251 3334 408 3397 Durrritiani
426 3342 558 3414 tempora
575 3336 749 3396 indicentur.
773 3336 931 3413 tepentem
947 3335 1024 3394 enirn
1040 3335 1264 3395 multitudinem

251 3439 306 3499 suli
324 3438 444 3499 Nerone
467 3441 626 3499 cruciatum
651 3437 753 3513 luisse,
777 3438 896 3515 Tacitus
920 3435 1043 3515 (eedem
1065 3453 1138 3496 sune
1154 3438 1264 3516 phrasi,

252 3561 308 3622 qua
332 3543 423 3603 utitur
446 3541 474 3602 S.
498 3540 599 3617 Pater,
629 3533 713 3600 πολι)
740 3536 890 3621 πλῆθος)
919 3538 1006 3600 nobis
1038 3537 1131 3599 relect
1151 3537 1178 3619 ¹)
1186 3559 1195 3613 ;
1227 3540 1265 3599 de

252 3646 418 3707 Domitiano
442 3652 539 3706 autem
563 3645 761 3707 Tertullianus
784 3645 823 3704 ita
846 3645 991 3723 loquitur:
1028 3641 1215 3703 Tentavere!
1235 3650 1269 3703 et

128 3784 131 3787 <
250 3749 464 3826 Domitianus,
485 3752 589 3830 portio
612 3749 747 3812 Neronis
769 3748 808 3809 de
831 3747 1032 3822 crudelitate,
1062 3748 1121 3809 sed
1150 3765 1214 3826 qua
1236 3756 1266 3809 et

139 3933 145 3943 ,
251 3854 360 3929 Aemo,
392 3852 490 3931 focile
514 3864 654 3933 coeptum
676 3851 847 3931 repressit,
874 3852 1028 3913 restitutis
1049 3852 1161 3927 etiam,
1185 3869 1265 3930 quos

251 3958 446 4037 relepuuerut
463 3956 504 4041 Ιι).
982 3970 984 3975 ’
1177 3937 1181 3944 '

187 4058 226 4146 e]
251 4061 384 4143 cappo
416 4060 488 4126 etti
520 4062 619 4124 nullus
650 4068 694 4124 tut
726 4060 881 4122 illustrium
916 4066 1094 4142 martyrum,
1128 4060 1177 4140 qui
1209 4060 1264 4121 sub
1340 4085 1341 4088 ¹

251 4168 419 4231 lteniitiano
453 4170 531 4249 passi
563 4173 647 4245 sunt,
679 4168 864 4228 nominatur:
892 4183 951 4226 non
976 4165 1092 4227 Flavius
1116 4165 1265 4241 Clemens,

253 4290 313 4334 non
337 4272 471 4333 docilius
496 4271 633 4349 Glabrio,
656 4289 716 4334 non
740 4271 840 4332 Flavia
865 4269 1027 4347 Doniitillu,
1050 4288 1110 4332 non
1132 4269 1266 4332 loannes

253 4373 460 4457 Evangelista3
485 4394 611 4456 quorum
634 4375 772 4455 aliquem,
797 4380 829 4434 ut
843 4372 1007 4436 Cardinalis
1023 4373 1091 4437 Orsi
1102 4370 1134 4455 ³)
1154 4380 1265 4449 monet,

254 4479 357 4540 saltem
380 4488 575 4541 numerasset
591 4481 620 4544 S.
637 4480 732 4559 Pater,
755 4481 781 4541 si
804 4485 872 4560 post
888 4479 1101 4541 Dunritianeam
1117 4495 1266 4559 persecu-

251 4584 363 4645 tionem
386 4587 563 4665 scripsisset.

190 4682 229 4769 ἀ)
252 4685 283 4747 ln
307 4686 365 4748 line
388 4705 413 4755 c.
438 4685 458 4751 6
481 4689 550 4749 dieit
571 4689 727 4752 Clemens:
751 4685 846 4772 ζῆλος
861 4683 912 4749 καὶ
927 4678 994 4771 ἔρις
1007 4684 1117 4758 πόλεις
1130 4674 1267 4766 μεγάλας

249 4785 473 4875 κατέστρεψεν.
512 4793 636 4875 Quodsi,
659 4794 780 4875 quando
796 4793 905 4855 Noster
925 4793 1000 4854 haec
1022 4792 1150 4870 scripsit,
1173 4788 1267 4848 Jeru-

178 4925 206 4989 1)
227 4924 316 4977 Annsl.
334 4925 386 4978 XV.
406 4944 429 4979 c.
448 4928 559 4982 tl-tt.
583 4914 591 4924 ⁶
747 4901 784 4995 Ι3)
803 4928 875 4980 lstor.
895 4928 957 4979 ecel.
977 4926 1004 4977 Τ.
1025 4925 1042 4976 l.
1063 4942 1087 5006 p.
1105 4923 1165 4973 412.
1193 4918 1267 4985 Apud

177 5010 208 5081 2)
227 5010 337 5085 testes·
357 5027 380 5064 ο·
399 5012 424 5065 ⁵·
720 5015 834 5069 cirine.
852 5013 917 5069 uiui.
936 5012 964 5067 τ.
983 5012 1001 5064 u
1031 5009 1133 5077 arona
1158 5024 1183 5078 p.
1200 5004 1266 5061 mx.

1399 4747 1415 4780 0
