3067 6450
269 1210 294 1265 x
708 1202 964 1274 nnonsconenn.
1229 1201 1401 1272 [ensnonn

313 1370 420 1438 Sinoni.
443 1371 487 1450 11,
512 1366 563 1434 20.
587 1388 615 1451 p.
639 1365 719 1432 489:
755 1353 806 1428 00
826 1383 882 1444 μοι
903 1361 954 1426 δεῖ
975 1359 1130 1427 πλειόνων
1151 1357 1267 1446 λόγων,
1293 1385 1399 1448 παρα-

356 1472 485 1556 nepesin
519 1471 639 1559 μάρτυν
669 1467 724 1533 τδν
754 1464 970 1533 άποστολικδν
1001 1460 1186 1553 Βαρνάβαν,
1220 1457 1238 1531 ὁ
1271 1465 1307 1531 δέ·
1340 1475 1402 1529 τιῦν

358 1573 577 1665 ἑβδομήκοντα
604 1569 641 1662 ἦν
670 1570 723 1639 καί
754 1570 902 1659 σννεργδς
931 1573 992 1637 τοῦ
1022 1569 1171 1650 Παύλου,
1204 1567 1286 1636 κατά
1315 1569 1402 1647 λέξιν

359 1673 423 1748 ὧδέ
437 1705 509 1759 πως
523 1680 671 1767 λέγοντα·
694 1677 770 1767 Πρδ
784 1685 845 1745 τοῦ
859 1676 944 1763 ἡμᾶς
959 1684 1129 1743 πιστεῦσαι
1143 1684 1191 1761 τῷ
1207 1677 1279 1760 Θεῷ
1293 1674 1401 1739 κτλ

360 1787 407 1850 Ex
430 1789 500 1871 Cep.
529 1784 576 1852 16.

316 1893 423 1956 Siron.
439 1894 475 1972 V,
494 1891 542 1956 10.
561 1911 589 1974 p.
607 1889 688 1957 683:
711 1883 805 1952 Ἀλλά
821 1884 874 1952 καί
890 1875 1073 1973 Βαρνάβας,
1097 1878 1116 1951 ὁ
1135 1886 1189 1952 καί
1208 1878 1307 1960 αάτδς
1325 1905 1400 1969 σογ-

358 1986 493 2081 κηρύξας
508 1999 555 2078 τῷ
569 1986 762 2075 Ἀποστδλῳ,
785 1988 866 2055 κατά
879 1984 936 2076 τήν
950 1989 1111 2056 διακονίαν
1129 1999 1192 2055 τῶν
1210 1989 1322 2067 ἐθνῶν,
1345 1987 1403 2054 τδν

359 2093 470 2183 λόγον·
489 2090 728 2184 Ἀντλοάστερον,
743 2096 851 2183 φησίν,
868 2094 940 2175 ὑμῖν
954 2088 1069 2183 γράφω
1084 2120 1110 2158 κ.
1125 2119 1152 2159 τ.
1166 2094 1193 2159 λ.
1228 2097 1274 2158 Ex
1290 2097 1359 2176 Cap.
1372 2094 1401 2158 6.

316 2206 423 2270 Siron.
447 2203 481 2281 ll,
508 2202 555 2267 15.
580 2222 607 2285 p.
632 2199 711 2267 464ε
743 2191 839 2264 Ἀλλά
860 2197 913 2264 καί
936 2199 1060 2280 Δαβίδ,
1086 2199 1139 2264 καί
1160 2194 1228 2288 πρά
1251 2196 1360 2278 Δαβὶδ
1383 2187 1401 2259 ὁ

361 2306 513 2392 Masinis,
536 2312 600 2370 τῶν
620 2307 719 2394 τριῶν
741 2301 907 2390 δογμάτων
924 2302 982 2391 τήν
995 2304 1110 2389 γνῶσιν
1125 2301 1333 2392 ἐμφαίνουσιν
1348 2300 1404 2366 διά

360 2402 485 2476 τοάτων
500 2456 508 2473 .
522 2457 549 2473 ..
600 2412 706 2478 Ταῦτα
726 2408 785 2492 μὲν
808 2409 827 2475 ὁ
850 2402 1029 2497 Βαρνάβας.
1074 2412 1119 2474 Ex
1143 2412 1212 2493 Cap.
1239 2410 1287 2474 10.

318 2518 425 2581 Siron.
449 2519 483 2597 li,
509 2516 557 2583 18.
582 2539 609 2601 p.
631 2516 711 2583 472:
734 2512 857 2595 >seniles
878 2520 1039 2596 μυστικῶς
1062 2511 1080 2578 ὁ
1103 2516 1290 2601 Βαρνάβας·
1311 2509 1343 2577 Ὁ
1366 2509 1404 2576 δὲ

364 2614 450 2696 Θεδς
472 2611 568 2685 ὁτοί
590 2614 712 2695 παντδς
733 2614 856 2701 κόσμου
877 2619 1043 2707 κυριεύων,
1067 2618 1162 2707 φησὶ,
1186 2610 1253 2704 δώῃ
1275 2642 1300 2680 κ.
1323 2639 1351 2679 τ.
1374 2615 1403 2678 λ.

364 2727 410 2790 Ex
434 2727 503 2809 Cap.
526 2728 576 2790 uin

319 2831 426 2895 Sinoni.
436 2833 471 2910 V,
480 2828 509 2894 8.
523 2829 639 2913 neni:
659 2826 817 2910 Ἔμπαλιν
832 2827 869 2894 δέ
885 2826 1061 2917 ἐπιτρέπει,
1077 2827 1226 2913 διχηλοάν
1237 2824 1288 2892 καί
1299 2848 1401 2912 μαρυ-

364 2928 499 3014 κοίμενον
522 2931 661 2999 ἐσθίειν·
689 2933 826 3019 μηνύων,
849 2931 945 3020 φησίν
967 2925 986 2998 ὁ
1010 2932 1197 3020 Βαρνάβας,
1227 2930 1404 2997 κολλᾶσθαι

365 3037 428 3102 δεῖν
449 3035 531 3118 μετά
545 3040 608 3101 των
623 3036 834 3125 φοβουμένων
849 3031 906 3102 τδν
921 3038 1041 3124 Κύριον
1055 3062 1083 3100 κ.
1099 3061 1127 3101 τ.
1144 3037 1173 3101 λ.
1206 3040 1252 3101 Ex
1269 3039 1337 3119 Cap.
1354 3036 1403 3101 10.

409 3140 446 3226 b]
469 3146 698 3228 Praecepiorem
722 3165 807 3208 snum
829 3152 952 3207 secuins
975 3151 1022 3207 esi
1045 3146 1216 3226 Oriyenes:

363 3249 425 3311 Lib.
441 3248 461 3311 1.
481 3257 576 3313 contr.
594 3249 671 3312 Cels.
693 3270 721 3312 n.
737 3247 789 3314 63.
809 3251 841 3312 T.
858 3250 878 3311 l.
899 3269 926 3331 ρ.
943 3247 1007 3313 370
1023 3251 1069 3312 ed.
1086 3250 1193 3311 Ruee:
1220 3243 1406 3331 Γέγραπται

277 3344 316 3436 δὴ
346 3348 379 3415 έν
409 3358 449 3438 τῇ
479 3351 631 3439 Βαρνάβα
662 3351 818 3437 καθολικῇ
848 3349 1021 3436 ἐπιστολῇ·
1054 3348 1104 3415 ὅτι
1133 3348 1295 3429 ἐξελέξατο
1327 3345 1405 3421 τοδς

276 3451 380 3530 ἰδίους
401 3449 604 3531 άντοστὸλους
620 3453 745 3543 Ἰησοῦς,
769 3448 864 3531 ὄντας
887 3453 969 3542 ὑπὲρ
993 3462 1099 3522 πᾶσαν
1120 3452 1256 3535 άνομίοιν
1277 3450 1403 3533 άνομω-

276 3557 398 3646 τέρους.
443 3563 489 3625 Ex
512 3564 582 3645 Cep.
606 3561 635 3624 5.

365 3667 410 3728 De
425 3667 521 3727 Ptine.
537 3666 584 3743 lli,
606 3684 631 3727 ο.
648 3662 677 3728 2.
700 3684 728 3727 n.
746 3664 775 3729 4.
799 3667 832 3728 Τ.
848 3666 868 3727 l.
892 3684 920 3746 p.
939 3662 1016 3729 14οι
1041 3666 1160 3728 Eadem
1181 3683 1302 3747 quoqne
1318 3662 1405 3724 Bar-

279 3766 381 3830 nabas
404 3770 438 3829 in
461 3769 595 3848 epistola
617 3788 677 3829 sna
700 3769 861 3845 declarat,
894 3787 985 3848 quum
1016 3770 1097 3832 duas
1123 3770 1195 3832 eins
1224 3788 1292 3831 esse
1318 3768 1404 3842 dicit,

278 3891 373 3935 unam
396 3871 495 3947 Inois,
528 3873 660 3932 niteram
683 3872 898 3948 tenebrarum,
931 3873 1044 3953 quibus
1074 3882 1104 3936 ei
1126 3893 1276 3953 praeesse
1302 3881 1406 3935 cerins

279 3995 418 4057 quosque
441 3976 570 4056 αυρυίου
594 3976 688 4038 dieii:
718 3978 790 4038 viae
812 3978 937 4058 quidem
960 3979 1041 4040 lueis
1063 3979 1193 4059 ακροίοο
1216 3977 1295 4053 Dei,
1320 3983 1405 4037 tene-

280 4079 406 4142 brarum
430 4088 532 4141 antem
555 4080 625 4142 vine
649 4082 780 4161 anyelos
802 4083 951 4144 Satanae.
995 4083 1042 4145 Ex
1064 4083 1133 4164 Cep.
1161 4080 1209 4145 18.

368 4185 467 4247 Sneris
491 4203 612 4265 qnoque
636 4184 797 4267 Scripturis
820 4186 968 4270 Origenes
999 4186 1153 4267 episioinm
1185 4192 1317 4247 noslrem
1350 4182 1407 4244 nd-

281 4305 454 4351 numerasse
477 4288 594 4351 videiur
616 4288 679 4352 Lib.
695 4290 715 4352 l.
740 4289 903 4352 Commeni.
927 4291 956 4351 in
972 4288 1025 4369 Ep.
1043 4288 1079 4351 nd
1095 4290 1178 4352 lion.
1197 4288 1226 4368 1,
1242 4285 1293 4350 24.
1310 4288 1342 4348 Τ.
1359 4286 1406 4347 lv.

280 4408 309 4471 p.
333 4389 413 4454 473:
444 4391 525 4453 Sunt
544 4401 728 4471 praeterea,
756 4393 839 4455 sicut
861 4395 895 4454 in
917 4395 1020 4456 multis
1042 4392 1227 4471 scripturae
1251 4392 1332 4454 Iocis
1354 4392 1407 4450 in-

280 4496 438 4573 venimus,
461 4497 554 4556 eiiam
576 4496 741 4575 utriusque
760 4498 887 4575 pariis,
914 4499 966 4560 συί
985 4498 1147 4578 utriusque
1170 4496 1243 4558 viae
1263 4496 1408 4574 saniores

283 4601 408 4679 qnidam
431 4608 460 4661 ei
482 4602 646 4680 adjutores
668 4601 782 4681 anysii.

370 4702 429 4765 Sed
452 4705 600 4765 nerninem
622 4705 702 4780 lalei,
726 4721 792 4764 cum
809 4702 1001 4783 Clementem,
1023 4703 1264 4787 ium'Origenem
1287 4702 1407 4783 saepius

283 4804 376 4869 libros
398 4806 587 4886 apocryphos
604 4811 635 4867 et
650 4804 759 4867 nothos
775 4824 830 4887 pro
847 4809 986 4889 genuinis
1001 4808 1152 4886 habuisse,
1176 4808 1305 4890 ideoque
1321 4807 1408 4868 iesii-

190 4899 196 4910 ’
283 4911 385 4972 monio
408 4907 524 4969 iliorum
553 4926 610 4988 pro
637 4908 782 4989 epislolae
806 4919 927 4974 noslrae
950 4911 1102 4984 nuihenlin
1124 4931 1187 4976 non
1208 4913 1326 4994 plenem
1349 4912 1408 4972 vim

284 5029 353 5074 esse
384 5010 578 5074 tribuendam.
624 5012 705 5076 Bene
735 5012 852 5099 Hugins
882 5020 913 5079 et
938 5014 1157 5102 Redepenning
1189 5015 1318 5095 addunt,
1351 5030 1409 5078 nec
