3067 6450
221 1210 288 1276 404
420 1203 557 1259 nauus
577 1201 711 1256 PASTOR.
749 1200 844 1254 ttbstt
863 1199 904 1254 iii.
940 1199 1065 1254 Sibtlidi'.
1084 1200 1150 1255 vnt.

223 1388 339 1452 suoque
363 1368 468 1434 ordine
491 1369 645 1428 steterunt.
692 1361 835 1447 Gaudium
867 1369 963 1426 autem
995 1380 1035 1424 en
1065 1361 1111 1424 bis
1140 1363 1275 1446 percepit
1302 1363 1341 1426 bio

222 1483 333 1560 pastor,
357 1472 436 1555 quod
452 1488 555 1534 omnes
572 1469 682 1550 politae
698 1474 810 1546 essent,
830 1474 860 1530 et
875 1466 1087 1548 deposuissent
1104 1469 1256 1531 scissuras
1271 1488 1342 1532 suas.

222 1579 338 1643 Deinde
361 1579 580 1658 porrexerunt,
603 1572 653 1653 qui
677 1572 823 1633 dimidiam
847 1573 989 1650 viridem,
1013 1578 1043 1635 et
1066 1571 1216 1635 dimidiam
1240 1574 1343 1636 aridam

223 1684 403 1757 habuerant;
427 1677 622 1761 quorumdam
645 1694 719 1738 vero
736 1676 874 1738 inventae
890 1683 959 1737 sunt
974 1682 1054 1738 totae
1075 1676 1201 1756 virides,
1226 1679 1343 1741 aliorum

223 1786 417 1865 semiaridae,
448 1785 572 1846 aliorum
603 1780 715 1843 virides
746 1787 776 1841 et
806 1781 960 1861 pampinos
988 1779 1142 1843 habentes.
1189 1782 1226 1844 Hi
1249 1801 1344 1846 omnes

224 1892 337 1955 dimissi
360 1897 438 1968 sunt,
461 1886 667 1966 unusquisque
683 1886 712 1947 in
729 1902 814 1947 suum
831 1883 975 1946 ordinem.
1014 1885 1217 1949 Tradiderunt
1235 1888 1344 1965 deinde,

224 1999 273 2079 qui
297 1997 460 2058 imbuerant
482 1991 556 2054 duas
579 1997 678 2071 partes
702 1989 853 2070 virgarum
877 2007 996 2051 suarum
1020 1989 1152 2068 virides,
1176 1994 1344 2073 tertiamque

223 2102 353 2176 aridam;
386 2097 468 2160 multi
500 2115 539 2158 ex
572 2095 616 2156 eis
647 2092 758 2155 virides
793 2100 1012 2173 porrexerunt,
1046 2095 1129 2157 muiti
1167 2098 1343 2174 semiaridas,

224 2208 336 2269 caeteri
358 2221 433 2267 uero
457 2201 555 2264 aridas
579 2207 609 2261 et
631 2217 691 2261 non
713 2196 855 2278 putridas.
901 2198 936 2260 tn·
961 2216 1064 2261 omnes
1088 2199 1204 2262 dimissi
1229 2203 1343 2263 suntin

224 2328 309 2374 suum
332 2309 458 2389 quisque
482 2304 624 2370 ordinem.
671 2302 785 2365 Deinde
808 2303 1018 2384 porrigebant,
1048 2305 1099 2384 qui
1131 2304 1300 2368 habuerant
1321 2307 1342 2366 in

224 2415 317 2496 virgis
341 2413 403 2475 suis
427 2410 500 2473 duas
523 2417 622 2492 partes
637 2407 745 2486 aridas,
768 2409 944 2487 tertiamque
960 2407 1103 2484 viridem;
1129 2409 1213 2471 multi
1231 2428 1342 2491 qunque

225 2537 265 2581 ex
287 2519 331 2579 eis
354 2523 554 2598 porrexerunt
576 2509 764 2590 eemundus,
788 2511 905 2593 quidam
929 2531 1002 2575 vero
1025 2511 1123 2574 aridas
1154 2520 1185 2575 et
1208 2517 1342 2595 putridas,

224 2623 271 2684 atii
295 2629 392 2684 auteur
416 2619 590 2684 semiaridas
613 2624 643 2681 et
665 2617 812 2680 scissuras
834 2616 994 2694 babentes,
1017 2618 1102 2698 pauci
1126 2636 1206 2681 vero
1231 2619 1340 2682 virides.

223 2726 260 2788 Hi
291 2726 381 2807 igitur
411 2741 516 2788 omnes
544 2723 741 2785 constiterunt
771 2720 801 2782 in
830 2738 885 2784 suo
916 2722 1042 2802 quisque
1071 2722 1190 2786 ordine,
1238 2724 1341 2787 Deinde

223 2835 436 2912 porrexerunt,
457 2829 506 2909 qui
531 2827 645 2889 tortium
661 2824 826 2888 habuerant
841 2824 946 2902 viride,
970 2826 1115 2907 retiquum
1134 2846 1212 2891 vero
1230 2829 1341 2891 andan.

224 2935 335 2998 Horum
360 2935 464 3016 virgae
487 2931 593 3015 majori
616 2950 655 2993 ex
671 2937 755 3012 parte
772 2931 908 2993 inventae
924 2938 992 2994 sunt
1014 2931 1137 3018 virides,
1162 2934 1342 2996 ramusculos

225 3041 379 3118 babentes,
403 3046 433 3101 et
456 3038 485 3100 in
509 3038 553 3100 eis
576 3034 750 3099 ramusculis
769 3035 910 3111 tructum;
933 3041 964 3097 et
979 3036 1111 3116 retiquae
1128 3038 1245 3100 virides
1261 3046 1341 3101 totae.

224 3145 271 3207 Ex
294 3145 339 3207 his
361 3143 455 3227 virgis
479 3141 617 3227 gaudium
640 3141 834 3202 uehementer
853 3141 987 3221 percepit
1007 3148 1110 3222 pastor
1129 3142 1191 3221 iile,
1215 3146 1284 3225 quia
1306 3144 1341 3206 sic

225 3252 381 3313 invenerat
404 3268 464 3312 eas.
510 3249 654 3311 Abierunt
678 3253 707 3308 et
729 3245 771 3306 ilii
793 3246 823 3306 iu
847 3244 969 3309 ordines
990 3263 1071 3309 suos.

312 3353 359 3416 Vl.
397 3353 552 3433 Postquam
569 3358 665 3416 autern
683 3351 812 3413 omnium
829 3352 929 3434 virgas
945 3352 1180 3430 considerasset,
1204 3353 1245 3415 ait
1267 3353 1342 3416 mibi:

230 3457 412 3541 ¹,dixeram
443 3460 510 3537 tibi,
543 3459 679 3522 arborem
711 3456 788 3518 hanc
818 3455 945 3539 diligere
974 3458 1071 3519 vitam.
1126 3457 1239 3536 Vides,
1275 3453 1342 3539 quod

225 3565 308 3628 mutti
332 3569 460 3647 egerunt
482 3563 704 3645 poenitentiam,
728 3568 757 3624 et
773 3565 900 3625 assecuti
916 3568 985 3625 sunt
999 3562 1156 3625 satutem.“
1206 3561 1341 3642 ,Video,“

227 3669 357 3751 inquam,
382 3668 551 3749 „domine.“
600 3668 655 3747 ,Ut
671 3667 780 3744 soias,“
798 3666 901 3747 inquit,
926 3666 1105 3745 ,bonitatem
1121 3674 1152 3730 et
1169 3668 1343 3730 clementiam

226 3773 344 3838 Domini
367 3791 502 3855 mgnum
527 3777 556 3833 et
578 3770 780 3834 honorandam
805 3790 883 3850 esse,
906 3773 956 3852 qui
979 3771 1060 3835 dedit
1075 3773 1213 3853 spiritum
1236 3774 1282 3850 iis,
1304 3771 1342 3852 qui

226 3877 308 3961 digni
331 3850 415 3940 eran⁶t
431 3892 526 3956 agere
541 3876 782 3956 poenitentiam.“
828 3875 865 3937 Et
881 3874 955 3937 dixi:
980 3894 1093 3955 ,quare
1109 3893 1199 3959 orgo,
1225 3877 1342 3951 domine,

226 3999 288 4044 non
307 3998 412 4044 omnes
428 3985 557 4062 egerunt
572 3980 783 4059 poenitentiam
794 3980 830 4041 ?“
870 3980 919 4042 Ait
935 3980 1021 4042 mibi:
1038 3977 1052 4017 ²
1068 3998 1222 4060 ,quorum
1240 3982 1344 4045 vident

226 4083 371 4148 Dominus
393 4103 483 4168 puras
507 4089 621 4145 mentes
644 4082 779 4163 futuras,
807 4090 837 4146 et
859 4085 1026 4146 servituros
1050 4085 1077 4145 ei
1101 4103 1142 4146 ex
1166 4088 1238 4149 totis
1262 4104 1343 4168 prae·

226 4187 352 4280 'eprdiis‚
376 4189 433 4252 iliis
456 4188 556 4251 tribuit
577 4187 799 4269 poenitentiam.
846 4188 886 4250 m
908 4205 1034 4268 quorum
1056 4189 1177 4269 aspexit
1200 4188 1342 4253 detumet

225 4293 388 4374 nequitias,
412 4299 442 4355 et
464 4292 687 4370 animadvertit,
718 4291 755 4354 ed
779 4309 813 4353 se
835 4289 979 4353 fallaciter
1001 4309 1204 4372 reversuros,
1234 4291 1344 4377 negarit

262 4429 289 4495 1)
308 4426 359 4482 cb.
377 4445 453 4497 supra
473 4447 494 4481 c.
515 4428 540 4477 2.
558 4445 583 4495 p.
597 4428 657 4479 tot.
676 4437 729 4480 not.
748 4430 774 4480 t.
802 4431 899 4497 gratiam
917 4444 978 4480 suae
996 4430 1165 4481 assentientes
1189 4447 1237 4481 seu
1256 4444 1343 4498 coope-

259 4517 290 4585 2)
315 4513 365 4569 cb.
390 4516 470 4568 Simii.
496 4514 542 4579 bt,
568 4513 615 4565 33:
646 4534 775 4586 quumque
802 4524 887 4567 rantes
905 4516 1079 4582 praesciverit
1116 4514 1169 4567 eb.
1188 4519 1269 4587 utiq,
1297 4517 1343 4568 bs

218 4605 339 4678 ‘vidisset
358 4606 489 4657 Dominus
510 4606 602 4656 teucer
621 4611 696 4671 atque
716 4621 773 4672 pu·
801 4620 825 4670 p.
843 4602 899 4653 ttt.
927 4605 1078 4670 Minscbsr,
1099 4599 1191 4653 tebth.
1206 4602 1232 4653 d.
1246 4601 1343 4672 Dogm-

223 4702 284 4743 Μαι
308 4693 493 4759 poenitentium
510 4706 617 4748 sorum,
645 4698 669 4741 et
693 4706 775 4757 posse
802 4686 892 4740 Gesch.
905 4687 923 4739 1.
943 4705 967 4756 p.
981 4687 1032 4739 358
1051 4695 1078 4738 et
1096 4686 1157 4739 368.
1191 4691 1343 4750 sactum,

224 4787 272 4827 sos
289 4779 318 4829 is
337 4794 367 4831 es
383 4793 552 4845 pererrantes,
574 4777 664 4841 jussit
680 4777 774 4841 priora
800 4772 816 4826 l.
835 4791 858 4828 c.
885 4792 909 4844 p.
929 4775 970 4827 76.
1010 4773 1144 4825 theoriam
1177 4774 1211 4825 de
1241 4777 1344 4829 scientis

222 4872 331 4922 mesto
355 4880 446 4917 eorum
470 4866 560 4916 deteri.
597 4860 703 4912 Hermas
723 4859 773 4911 do·
800 4865 886 4915 medis
913 4862 979 4913 bunc
997 4861 1080 4912 iocum
1098 4861 1182 4911 uncti
1200 4859 1342 4913 sternacis

224 4949 285 5010 Μ,
303 4947 432 5000 arbitrium
451 4948 560 5000 bominis
578 4963 636 5000 esse
654 4945 773 5011 liberum,
800 4962 860 4999 suos
888 4964 948 5001 usus
974 4955 1127 4999 convertere
1158 4962 1238 5014 posse
1269 4949 1343 5000 mouet

107 5011 673 5281 Nprsedestirsre,
710 5049 773 5103 quos
800 5037 957 5103 Miserior,
984 5031 1082 5086 flandi).
1102 5032 1126 5083 d.
1147 5029 1341 5103 Dosa-Ges&

275 5224 303 5280 χ
