3067 6450
203 1214 283 1269 xxiv
641 1211 895 1269 rnouaootttsnn.
1133 1215 1333 1288 [eustolus

291 1375 337 1440 ΠΙ.
383 1375 563 1438 Clementem
586 1373 747 1438 Romanum
771 1374 808 1438 ad
832 1375 1001 1441 Corinthios
1032 1378 1208 1461 scripsisse,
1241 1398 1331 1445 nemo

203 1483 335 1565 negabit.
378 1482 475 1545 Fuere
498 1488 612 1560 tamen,
643 1482 692 1562 qui
721 1481 876 1563 epistolam
907 1488 1039 1545 nostram
1070 1502 1130 1547 non
1159 1485 1331 1563 pecuinam

202 1593 349 1671 putarent,
373 1605 430 1650 nec
452 1587 530 1650 illam
553 1593 722 1665 censerent,
747 1605 834 1668 quam
858 1589 969 1670 antiqui
992 1589 1094 1652 Patres
1117 1589 1275 1652 laudarunt
1299 1598 1331 1653 et

203 1693 379 1774 allegarunt.
421 1691 601 1772 Praesertim
623 1690 669 1753 Jo.
694 1691 846 1754 Talandua
864 1690 903 1776 ¹),
927 1692 1032 1755 Christ.
1051 1692 1132 1775 Aug.
1149 1692 1276 1777 Salig²J
1299 1702 1332 1759 et

203 1798 358 1862 Gishertus
381 1797 523 1875 Voie'tius,
547 1795 650 1858 Theol.
674 1795 884 1876 professoria
907 1795 1067 1859 Academia
1090 1798 1280 1881 Ultrajectina
1295 1796 1329 1882 ³)

202 1903 381 1966 authentiam
405 1902 550 1985 epistolae
571 1907 696 1964 nostrae
718 1907 876 1983 negarunt,
899 1901 939 1963 illi
963 1902 1125 1983 imperiose
1149 1902 1226 1964 ntrlla
1248 1901 1330 1965 alle·

200 2015 303 2072 rentes
327 2013 509 2092 argumenta,
532 2005 580 2067 hic
603 2003 861 2068 hallucinationem
885 2007 1000 2088 potius,
1025 2022 1112 2087 quam
1136 2006 1329 2070 demonstra·

201 2114 313 2176 tionem
336 2111 506 2194 proterens.
545 2111 637 2185 Quam
662 2111 738 2174 male
761 2116 982 2192 praeconcepta
1005 2112 1146 2193 opinione
1168 2111 1277 2173 ductus
1300 2110 1329 2173 id

201 2220 307 2301 egerit,
330 2216 407 2280 audi.
446 2215 658 2291 Admirantur,
675 2215 780 2296 inquit,
796 2216 987 2296 singularem
1003 2216 1143 2278 diuinam
1156 2217 1328 2294 prociden-

193 2320 287 2398 tiam,
313 2339 393 2400 puae
410 2321 543 2396 caraait,
560 2328 594 2381 ut
609 2319 648 2382 ab
664 2319 885 2398 Apostolorum
901 2321 1077 2398 discipulis,
1094 2319 1238 2399 virisque
1249 2340 1328 2402 apo·

199 2426 331 2501 stolicis,
355 2432 386 2486 ct
401 2424 629 2502 Apostolorum
641 2425 748 2488 seculo
762 2426 933 2503 proximis,
958 2433 1015 2488 aut
1029 2425 1110 2487 nibil
1123 2425 1326 2503 scriberetur,

201 2537 257 2592 aut
285 2530 365 2592 nibil
391 2538 631 2592 conservaretur
659 2540 689 2592 et
715 2530 758 2591 ad
781 2540 930 2608 postcras
952 2540 1111 2608 manaret,
1143 2538 1198 2593 aut
1220 2531 1329 2593 saltem

200 2636 282 2697 nibil
305 2634 344 2696 ab
366 2634 458 2697 initio
481 2634 631 2696 ccclesiae
655 2635 811 2716 usquein
839 2637 922 2699 hunc
950 2638 1032 2698 diem
1061 2647 1258 2715 superesset,
1291 2638 1328 2699 de
1357 2686 1360 2692 .

199 2759 259 2822 pua
277 2758 342 2802 uon
357 2738 563 2816 dubitaretur,
586 2747 643 2803 aut
658 2740 745 2820 puod
755 2759 816 2819 per
832 2742 934 2803 tineas
949 2740 1136 2823 blattasque,
1161 2749 1217 2802 aut
1231 2741 1329 2802 ulium

199 2845 338 2926 quesnois
352 2843 413 2906 liei
436 2846 606 2907 exercitum
626 2845 800 2909 mutilatam
818 2864 881 2908 non
898 2855 995 2909 essct:
1017 2855 1053 2908 at
1067 2847 1128 2910 sali
1143 2846 1327 2923 Scripturas

201 2957 288 3013 tanto
319 2950 493 3013 euidentius
524 2969 585 3014 suc
614 2957 775 3013 constaret
806 2953 1000 3027 auctoritas,
1033 2952 1140 3032 illique
1160 2952 1225 3014 soii
1248 2958 1329 3015 esset

197 3054 337 3135 propria
359 3055 645 3133 incorruptibilitas
668 3063 697 3117 et
718 3055 900 3119 aeternitas.
1288 3065 1290 3070 '

288 3158 334 3221 ne
356 3160 574 3224 recentioribus
599 3159 744 3243 epistolae
767 3166 889 3224 nostrae
904 3160 1161 3245 impugnatoribus
1178 3160 1233 3225 clr.
1249 3157 1325 3222 inira

199 3281 228 3347 p.
251 3262 368 3329 XXXll

286 3368 350 3432 Nos
373 3369 515 3450 eandem,
546 3388 633 3453 quam
657 3366 796 3433 Clemens
818 3371 990 3453 scripserit,
1023 3369 1136 3433 habere
1158 3370 1323 3453 epistolam,

204 3473 313 3537 exinde
342 3477 414 3539 satis
443 3477 603 3558 probatur,
634 3478 702 3558 quia
725 3494 779 3555 ea,
810 3493 888 3558 quae
910 3481 1031 3537 veteres
1055 3474 1201 3539 ecclesiae
1224 3481 1323 3555 patres

202 3596 243 3640 ex
266 3578 341 3643 dicta
365 3581 489 3663 epistola
513 3581 690 3664 allegarunt,
712 3580 741 3642 in
765 3586 869 3643 nostra
891 3578 1090 3660 reperiantur.

246 3679 283 3764 a)
309 3681 374 3745 Jaru
390 3685 420 3746 S.
437 3685 643 3766 Polycarpas,
664 3690 695 3747 ut
711 3682 884 3746 Gallandins
899 3683 1021 3760 monuit,
1043 3681 1168 3745 eandem
1185 3680 1327 3744 Clemen-

312 3787 400 3848 tinam
423 3788 577 3867 epistolam
600 3806 689 3850 manu
713 3786 862 3865 versavit,
894 3792 923 3847 el
944 3787 1085 3850 nonnulla
1108 3804 1147 3849 ex
1170 3803 1206 3848 ea
1230 3802 1327 3867 paene

312 3892 496 3955 verbotenus
513 3893 549 3955 in
572 3909 654 3956 suum
678 3890 715 3954 ad
738 3890 943 3972 Philippenses
966 3892 1122 3972 epistolam
1149 3889 1306 3953 transtulit.

358 4083 419 4166 Ep.
450 4082 597 4146 lGlem.
913 4080 1035 4163 Epist.
1065 4082 1196 4166 Palpo.

225 4195 280 4268 ⁴(i.
306 4202 332 4269 1.
372 4197 515 4281 Γυναιξίν
536 4224 571 4266 τε
667 4222 751 4288 asap-
824 4201 856 4265 0.
880 4199 909 4266 4.
955 4191 1147 4282 Διδᾰξωμεν
1273 4194 1330 4271 τοὶς

204 4305 376 4395 mil-Aere,
394 4298 585 4393 στεργοὺσας
598 4296 752 4393 subparis-
779 4310 927 4390 γυναῖκας
949 4302 1035 4385 ὑμῶν
1138 4294 1330 4389 στεργοὺσας

204 4431 270 4485 τως
298 4405 373 4484 τοῖς
403 4401 520 4495 ἄνδρας
549 4407 671 4477 ἑαυτῶν
780 4404 857 4485 τοὺς
885 4404 1008 4473 ἑαυτῶν
1035 4398 1153 4495 ἄνδρας
1182 4404 1214 4472 ἐν
1241 4397 1331 4490 πάσῃ

205 4506 290 4579 πάνυ
309 4502 545 4602 supposuisse.
780 4506 921 4599 ἀληθείᾳ
942 4508 997 4575 καὶ
1100 4509 1134 4577 e'r
1163 4502 1253 4596 πάσῃ
1279 4508 1329 4592 e’p-

781 4637 921 4704 spasesp.

243 4790 271 4859 1)
288 4789 316 4842 ln
334 4788 457 4857 catalogo
475 4789 597 4842 librarum
610 4787 708 4842 Christo
728 4795 754 4842 et
781 4804 806 4858 p.
826 4787 868 4840 39.
894 4785 945 4841 cn.
963 4789 1099 4844 usstass
1119 4786 1197 4840 instit.
1218 4783 1331 4852 susjarss

206 4876 335 4947 Apostolis
366 4876 550 4944 adscriptorum
578 4894 601 4929 c.
622 4877 662 4930 ta.
688 4874 754 4929 Η.
781 4893 807 4944 p.
826 4874 885 4929 213.

206 4966 274 5034 Opp·
293 4980 318 5031 p.
337 4962 397 5016 392.
818 4962 847 5029 3)
866 4962 959 5015 Seleet.
974 4961 1073 5030 Disput
1086 4960 1113 5014 P.
1126 4958 1145 5011 l.
1159 4976 1184 5028 p.
1200 4957 1259 5010 103.
1280 4956 1331 5012 cu.

241 5051 271 5119 2)
290 5050 330 5105 lle
344 5051 470 5121 diptychis
481 5051 601 5106 laterum
614 5067 637 5105 c.
653 5050 677 5104 3.
691 5051 716 5115 ς.
728 5050 755 5104 4.
784 5052 885 5118 tirsss,
906 5047 1027 5118 Spicuep.
1046 5047 1073 5101 T.
1090 5046 1111 5102 L
1129 5063 1155 5116 p.
1174 5046 1236 5100 260.
1313 5061 1316 5068 ·
