3067 6450
861 914 868 945 l

202 1164 255 1223 un
275 1162 493 1236 messurum]
644 1165 898 1221 ruouesonmm.
1279 1171 1336 1226 nor

203 1327 273 1393 Hoc
296 1331 502 1411 argumentum
525 1344 585 1390 non
609 1328 708 1410 magni
732 1327 874 1409 ponderis
897 1336 953 1410 est,
975 1330 1002 1393 si
1024 1330 1179 1413 epistolam
1202 1339 1335 1399 nostram

204 1434 310 1518 primis
336 1431 446 1494 tustini
469 1432 652 1511 temporibus
675 1431 848 1523 adscribere
870 1436 945 1498 velis
966 1433 1003 1519 ¹).

296 1535 335 1621 3)
358 1539 453 1600 Nemo
477 1537 607 1617 denique
629 1539 659 1599 in
682 1524 886 1606 memorandis
899 1539 1006 1603 Justini
1027 1519 1168 1623 operibus
1188 1541 1334 1624 epistolas

204 1642 298 1728 hujus
320 1644 501 1705 mentionem
525 1640 596 1705 iecit
611 1639 652 1725 ²).

294 1746 327 1808 ll.
373 1746 450 1808 Ante
473 1763 581 1807 annum
606 1745 647 1808 70
669 1765 696 1827 p.
722 1743 791 1807 Chr.
813 1747 966 1827 epistolam
998 1756 1147 1812 exaratam
1177 1768 1262 1830 esse,
1294 1769 1334 1815 ex

202 1871 231 1916 c.
257 1849 277 1914 3
301 1856 330 1913 et
353 1847 374 1914 4
397 1851 594 1934 conjecerunt
616 1850 839 1930 Tillemontius,
864 1851 1036 1916 Gellandius
1067 1862 1097 1916 et
1124 1857 1190 1935 alii,
1225 1857 1334 1939 quippe

202 1957 257 2039 qui
288 1960 393 2018 auctor
423 1955 461 2016 ita
492 1952 529 2015 de
551 1954 608 2015 ritu
631 1954 814 2017 ludaeorum
847 1957 885 2017 sit
916 1956 1051 2037 locutus,
1085 1961 1168 2039 qussi
1195 1963 1333 2043 templum

201 2059 509 2142 llierosolpmitenum
533 2059 663 2121 nondum
687 2057 792 2121 luisset
811 2058 946 2124 dirutum.
985 2063 1044 2126 Serl
1062 2064 1112 2126 vix
1130 2065 1239 2144 dubito,
1263 2067 1334 2147 quin

202 2164 313 2230 eadem
345 2165 437 2227 verba
470 2172 501 2227 et
533 2171 601 2246 post
635 2166 825 2228 eversionem
859 2184 964 2230 sacrae
998 2169 1080 2230 urbis
1113 2188 1130 2231 a
1164 2169 1333 2235 Christiano

203 2271 344 2353 quodam,
359 2270 445 2352 leges
461 2270 606 2332 mosaicus
623 2270 824 2355 impugnante,
841 2272 970 2352 proferri
983 2277 1150 2357 potuissent
1161 2273 1202 2359 ³).
1226 2277 1331 2360 Longe

201 2376 293 2439 aliter
315 2394 349 2438 se
371 2393 422 2437 res
445 2373 546 2436 habuit
569 2375 598 2437 in
620 2374 751 2457 Epistola
775 2377 787 2439 Ι
808 2377 966 2441 Clementis
990 2379 1112 2442 Romani
1135 2400 1160 2443 c.
1186 2379 1225 2445 41
1244 2379 1287 2467 ⁴).

294 2480 475 2561 Apostolicis
507 2480 688 2559 temporibus
720 2488 873 2544 auctorem
903 2489 1036 2546 nostrum
1070 2485 1196 2548 vicinum
1227 2486 1331 2567 luisse,

201 2607 273 2652 cum
290 2587 394 2650 Btilrlio
419 2603 478 2647 non
503 2585 613 2647 dubito.
660 2585 794 2665 „Etenim
819 2588 972 2669 egregia,“
998 2589 1092 2669 inquit
1108 2589 1238 2669 Biilrlius,
1263 2591 1332 2670 ,hie

201 2694 388 2775 conspicitur
411 2690 563 2754 doctrinae
586 2692 698 2771 puritas
721 2699 751 2754 et
773 2693 802 2754 in
830 2693 1016 2774 exponendis
1042 2696 1209 2777 praecipuis
1233 2715 1331 2760 evan·

200 2798 278 2882 getii
315 2796 445 2859 articulis
483 2796 663 2875 simplicitas,
702 2794 874 2877 disciplinae
911 2796 1141 2878 Apostolorum,
1189 2800 1330 2881 imprimis

202 2903 233 2968 S.
251 2901 343 2980 Pauli,
365 2899 453 2963 ualde
476 2907 687 2963 consentanea.
733 2900 796 2964 Nec
819 2906 915 2964 tamen
939 2903 1065 2985 insignis
1088 2903 1137 2965 ille
1159 2923 1225 2966 cum
1241 2904 1330 2985 Apo·

201 3007 351 3071 stolorum
375 3005 528 3086 disciplina
552 3012 581 3066 et
604 3023 744 3067 sermone
767 3024 933 3069 consensus
965 3006 1082 3069 videtur
1109 3027 1148 3070 ex
1171 3008 1331 3070 artificiosa

200 3111 355 3176 sermonis
377 3111 543 3191 scripturae
566 3128 671 3172 sacrae
693 3111 856 3172 imitatione
880 3116 965 3173 natus
991 3130 1077 3190 esse,
1108 3111 1162 3174 sed
1194 3132 1233 3174 ex
1265 3115 1331 3194 ipso

205 3219 306 3282 animo
340 3216 470 3279 auctoris
504 3213 657 3278 doctrinae
690 3215 873 3297 apostolicae
907 3216 1047 3280 innutrito
1082 3211 1179 3297 eaque
1213 3216 1332 3298 penitus

205 3323 333 3406 perluso
355 3319 508 3384 fluxisse.“

295 3427 459 3490 Baraterio
478 3425 616 3489 Clemens
645 3426 813 3504 Romanus,
845 3425 999 3488 Gallandio
1030 3424 1154 3506 Apollos
1186 3424 1332 3505 epistolae

204 3538 328 3596 nostrae
350 3538 454 3594 auctor
478 3530 571 3594 luisse
594 3530 712 3593 videtur
728 3526 777 3611 ⁵];
809 3530 862 3591 sel
893 3536 1018 3610 utraque
1046 3530 1219 3609 conjectura
1241 3526 1332 3590 sirmis

204 3640 390 3721 argumentis
413 3644 458 3699 est
482 3636 627 3701 destitute.
672 3635 793 3704 Rectius
817 3634 935 3716 Trajani
964 3634 1146 3714 temporibus
1176 3631 1331 3713 epistolam
1442 3663 1450 3675 ·

203 3750 337 3807 nostram
360 3750 509 3805 exaratam
533 3749 615 3825 putat
637 3741 805 3819 lltihleruS,
830 3759 918 3821 quum
942 3758 995 3818 ea,
1018 3757 1096 3819 quae
1120 3736 1157 3799 de
1181 3755 1331 3819 perseeu-

204 3850 336 3913 tionibus
358 3868 384 3911 c.
409 3849 427 3912 7
451 3849 601 3931 leguntur,
626 3849 676 3909 vix
699 3848 781 3927 prius
805 3847 914 3926 scripta
937 3862 1007 3905 esse
1031 3843 1155 3926 possint,
1182 3849 1212 3904 et
1235 3842 1332 3905 acrior

164 3971 172 3982 ·
204 3955 254 4017 itta
270 3952 454 4017 ludaeorum
471 3961 498 4015 et
515 3953 748 4016 Christianorum
766 3950 923 4032 disjunctio
940 3967 975 4011 oc
987 3948 1131 4011 ludaismi
1149 3948 1331 4029 impugnatio

203 4058 371 4122 secundum
400 4058 535 4120 seculum
565 4056 700 4119 redoleat
714 4051 756 4138 ⁶).
803 4054 939 4117 Certiora
967 4052 1006 4115 de
1037 4058 1171 4135 tempore
1198 4059 1330 4115 statuere

242 4231 269 4299 1)
289 4228 340 4282 co.
353 4197 477 4284 sensam
494 4246 519 4297 p.
535 4229 592 4281 175.
619 4232 686 4295 ote,
702 4227 718 4280 ι.
732 4244 754 4279 c.
783 4228 946 4297 prmum
963 4230 1085 4281 semem
1097 4225 1175 4294 rep.
1186 4225 1332 4279 ira-ras.

204 4318 327 4388 p.131q.
347 4326 374 4369 et
391 4332 417 4383 p.
432 4316 472 4369 12.
501 4320 687 4383 Quartatactrr.
704 4316 720 4367 l.
733 4333 754 4367 e.
776 4318 1007 4383 Quartalaclrtpt,
1026 4313 1042 4365 l.
1054 4330 1076 4366 c.
1090 4330 1114 4381 p.
1125 4314 1264 4365 162-168
1275 4330 1331 4382 sqq.

239 4407 269 4470 2)
288 4404 343 4456 lloc
355 4412 529 4471 argumentum
543 4420 575 4455 ex
586 4402 687 4455 silentio
705 4404 754 4454 im·
817 4403 845 4466 3)
866 4400 916 4453 Cir.
934 4405 1057 4456 Sernirctt
1074 4400 1091 4452 l.
1105 4418 1128 4452 e.
1147 4418 1171 4468 p.
1187 4401 1244 4452 175.
1272 4404 1332 4456 oua

205 4499 349 4563 pugnarunt
374 4494 431 4546 Otto
459 4498 484 4541 et
512 4493 651 4559 lloffinmm
671 4489 697 4540 ll.
716 4506 753 4541 ce.
782 4488 799 4541 l.
818 4505 840 4542 c.
862 4505 885 4557 p.
907 4489 938 4539 15
964 4498 990 4541 et
1014 4486 1120 4557 Ttibinp.
1140 4485 1332 4551 Quartalrchrilt

206 4579 258 4633 Cir.
273 4594 339 4647 quae
353 4585 439 4630 eontra
451 4576 588 4630 [tortorem
599 4576 658 4628 Otto
671 4577 755 4627 monui
786 4576 859 4629 1825.
879 4592 903 4644 p.
924 4575 983 4627 119.

206 4670 231 4720 ln
242 4667 350 4735 Titbinp.
365 4664 534 4730 Quartalschr.
548 4663 562 4716 l.
577 4682 599 4716 c.
614 4682 640 4733 p.
653 4663 704 4715 462
716 4681 753 4734 sq.
817 4665 845 4728 1)
864 4664 914 4717 cn.
936 4679 1010 4732 supr·
1029 4679 1053 4730 p.
1073 4662 1181 4715 xxxiv,
1199 4663 1236 4714 lit.
1257 4678 1281 4713 s.

208 4763 234 4807 ct
250 4771 317 4825 quae
335 4755 498 4806 lloltmanuus
517 4760 604 4805 eontra
628 4768 669 4803 me
691 4768 754 4819 pro·
817 4753 847 4819 5]
867 4756 987 4805 Gattarnt.
1007 4749 1071 4803 Bibl.
1090 4751 1105 4801 Ι.
1126 4766 1149 4800 e.
1169 4764 1192 4815 p.
1212 4748 1281 4802 lxx.

207 4842 273 4907 tulit,
292 4842 309 4896 l.
320 4859 342 4894 c.
358 4858 383 4909 p.
396 4842 420 4894 3.
450 4840 506 4893 Alia
519 4849 676 4907 argumenta,
689 4855 755 4909 quae
815 4841 844 4906 6)
873 4839 999 4907 Titlringer
1029 4838 1106 4890 tlreol.
1139 4834 1331 4900 Quartalaclrrilt

208 4932 281 4981 nobis
311 4930 409 4982 leviora
438 4930 571 4990 ridentur,
600 4928 660 4979 vioe
688 4927 754 4994 apud
785 4927 857 4979 1825.
889 4944 914 4994 p.
939 4925 1005 4989 4473
1042 4935 1067 4978 et
1099 4922 1226 4992 Patrolog.
1258 4922 1285 4975 t.
1308 4922 1329 4975 l.

212 5020 328 5072 Galtcnd.
345 5018 394 5070 lc.
428 5015 480 5070 Cir.
500 5019 686 5085 quoqueBont.
700 5015 716 5067 Ι.
731 5032 753 5068 c.
781 5031 806 5083 p.
823 5015 869 5067 165
882 5031 919 5083 sq.
948 5011 999 5067 Cir.
1019 4994 1085 5082 qa‘ra
1104 5026 1179 5079 supra
1198 5009 1329 5078 pilum
