3067 6450
203 1187 342 1243 imvm
637 1187 893 1243 eaouuoouuua.
1160 1190 1316 1263 mauron

204 1370 245 1416 ex
267 1352 357 1414 variis
381 1350 530 1414 variorum
553 1350 696 1413 librorum
720 1353 884 1435 generibus
908 1356 937 1413 et
959 1353 1155 1433 argumentis,
1179 1373 1320 1435 neqoeex

203 1465 379 1537 temporum,
403 1457 510 1536 quibus
532 1455 641 1538 singuli
665 1456 730 1519 libri
755 1459 792 1520 ab
816 1457 923 1522 eodem
944 1465 1069 1520 auctore
1085 1462 1251 1542 conscripti
1266 1465 1342 1541 sint,

203 1565 366 1647 majoribus
389 1561 551 1624 intervallis
575 1562 731 1624 commode
754 1564 899 1646 explicari
923 1551 1034 1645 potest,¹
1059 1563 1114 1626 sed
1139 1564 1322 1628 diversuma

202 1668 319 1732 Justino
350 1667 437 1749 hujus
469 1667 614 1747 epistolae
644 1674 797 1730 auctorem
827 1667 921 1730 luisse
952 1666 1111 1731 manifesto
1143 1669 1258 1734 indicio
1281 1675 1323 1733 est

202 1773 267 1836 lluc
294 1772 425 1850 accedit,
459 1771 555 1853 quod,
587 1792 652 1836 cum
675 1772 823 1835 lustinum
853 1771 1123 1837 animadvertamus
1152 1793 1217 1837 non
1240 1776 1324 1839 solun

201 1885 339 1940 accurata
370 1877 446 1959 legis
470 1877 619 1939 Mosaicae
652 1885 682 1939 et
710 1879 923 1960 prophetarum
952 1878 1127 1961 cognitione
1156 1880 1325 1944 instructum

202 2000 287 2061 esse,
322 1981 376 2044 scd
411 1983 497 2044 etiam
529 1999 684 2044 sacrorum
715 1985 748 2044 V.
779 1985 811 2046 Τ.
831 1982 991 2045 'librorum
1026 1982 1213 2046 divinitatem
1250 2004 1324 2066 quan

201 2089 328 2151 maxime
350 2087 500 2166 venerari,
524 2107 563 2148 ex
587 2087 683 2168 iisque
705 2088 741 2150 ad
759 2087 978 2152 defendendam
994 2088 1173 2172 religionem
1191 2089 1324 2153 christis·

116 2171 123 2187 ”
200 2210 268 2255 nam
292 2198 463 2274 argumenta
487 2193 663 2273 saepissime
686 2199 790 2273 petere
798 2215 807 2269 ;
833 2200 937 2257 contra
954 2193 1043 2276 hujus
1059 2193 1211 2275 epistolae
1228 2202 1325 2258 aucto·

201 2316 265 2360 rem
293 2297 428 2359 videmus
451 2297 544 2360 libros
567 2299 600 2358 V.
624 2298 656 2361 T.
682 2316 785 2378 parum
809 2317 932 2378 curare,
963 2317 1030 2361 cum
1052 2316 1154 2378 neque
1176 2300 1271 2363 ullum
1293 2319 1324 2363 ex

202 2402 237 2464 iis
269 2401 365 2463 locum
397 2401 523 2484 alleget,
555 2420 611 2463 neo
641 2403 736 2466 verbo
766 2403 885 2484 quidem
910 2402 1037 2466 divinam
1062 2403 1097 2466 iis
1122 2406 1323 2468 auctoritatem

202 2506 332 2568 vindicet
350 2503 396 2589 ¹),
421 2524 596 2587 quamquam
619 2505 802 2571 ludaeorum
826 2509 1055 2591 superstitiones
1079 2511 1250 2591 increpanti
1272 2528 1324 2572 nor

202 2609 299 2672 solnm
324 2617 489 2693 opportuna
513 2613 634 2675 occasio
659 2612 756 2675 oblata
781 2614 836 2693 sit,
859 2612 913 2676 sed
936 2633 1033 2697 paene
1056 2616 1195 2696 imposita
1220 2633 1325 2678 neces·

203 2716 293 2795 sitas,
318 2715 354 2779 de
378 2716 477 2779 divina
499 2718 655 2800 religionis
678 2717 821 2780 iudaicae
845 2720 972 2801 origiue,
997 2719 1094 2800 deque
1117 2709 1324 2801 consilioque

202 2820 283 2883 Deus
302 2821 400 2903 legem
417 2822 498 2884 dedit
513 2823 624 2904 populo
639 2822 803 2888 Israelitico
821 2822 999 2903 disserendi,
1016 2842 1054 2885 ne
1071 2843 1117 2902 ea,
1134 2843 1215 2905 quae
1231 2825 1324 2888 divino

202 2925 333 2989 instituto
358 2927 504 3006 nituntur,
535 2946 594 2989 una
617 2947 683 2990 curn
706 2929 861 2991 erroribus
885 2935 916 2990 et
940 2930 1223 3012 superstitionibus,
1257 2947 1325 3012 quae

204 3037 309 3110 postea
333 3032 528 3111 irrepserunt,
549 3034 678 3114 rejicere
702 3032 874 3096 rideretur“
893 3031 934 3116 ²).

290 3135 406 3199 Revera
439 3138 490 3217 qni
513 3136 727 3217 Apostolorum
757 3139 899 3220 epistolas
931 3146 961 3203 et
990 3157 1082 3221 opera
1105 3139 1225 3203 Patrum
1249 3140 1325 3224 primi

204 3251 235 3307 et
257 3244 382 3307 secundi
404 3245 501 3307 seculi
524 3264 698 3327 comparare
713 3245 794 3324 velit,
818 3264 953 3328 magnam
970 3245 1116 3326 quandam
1133 3247 1325 3310 differentiam

203 3352 374 3433 perspiciet,
390 3369 466 3433 qnae
483 3352 569 3413 nobis
586 3356 711 3412 aetatem
728 3351 873 3433 epistolae
889 3350 925 3413 ad
942 3353 1122 3433 Diognetum
1141 3353 1326 3437 investigan-

201 3459 280 3520 tibus
302 3457 397 3518 luccm
420 3456 528 3519 allerre
551 3459 668 3538 poterit.
710 3459 805 3532 Ouum
827 3458 904 3520 enim
921 3457 950 3518 in
967 3457 1100 3539 epistolis
1117 3456 1326 3538 Apostolomn

202 3569 231 3624 et
248 3561 406 3623 Clementis
421 3560 545 3625 Romani
569 3563 669 3625 nullibi
693 3562 792 3625 odium
816 3562 892 3644 legis
908 3561 1050 3624 iudaicae
1073 3562 1159 3623 nobis
1182 3569 1327 3640 occurrat,

202 3661 255 3730 sed
285 3667 382 3728 divina
412 3669 524 3729 veteris
554 3667 686 3730 laederis
714 3668 856 3730 institutio
885 3667 995 3748 ubique
1025 3675 1209 3749 agnoscatur
1240 3676 1271 3732 et
1295 3669 1326 3730 ab

203 3772 338 3834 omnibus
368 3771 499 3846 colatur3
532 3778 600 3851 post
630 3758 819 3835 eversionem
844 3773 1116 3856 Hierosolymorum
1148 3792 1213 3837 rem
1244 3775 1328 3857 plane

202 3879 350 3952 mutatam,
372 3873 505 3938 ludaeos
529 3876 608 3938 omni
631 3877 701 3941 odio
725 3884 829 3940 contra
845 3878 1027 3942 Christianos
1047 3885 1207 3958 certantes,
1232 3887 1265 3943 et
1279 3880 1329 3943 bos

203 4081 255 4133 und
286 4081 342 4150 gibt
370 4084 455 4135 seiner
485 4084 647 4153 Darstellung
676 4085 754 4138 durch
782 4086 848 4137 riele
872 4086 973 4138 Wbrter
999 4087 1050 4138 und
1079 4084 1255 4139 Redensarteu
1283 4103 1328 4156 gc·

179 4234 180 4238 Ἰ
204 4170 313 4238 passend
341 4172 470 4238 gewililte
497 4173 653 4241 Gegensittze
680 4175 754 4225 einen
782 4174 887 4225 braucbt
898 4175 964 4238 sind,
980 4172 1081 4225 welche
1092 4172 1174 4224 lustin
1185 4174 1256 4226 nicbt
1266 4175 1330 4226 bnt‘

205 4257 384 4325 nachlraltigen
402 4258 465 4310 Reiz
486 4265 521 4326 (e.
541 4277 565 4327 g.
586 4277 607 4311 c.
628 4261 673 4328 5];
696 4269 755 4312 stall
782 4262 962 4329 Argumentum
981 4261 1038 4324 boc,
1058 4275 1090 4309 ex
1109 4259 1167 4325 styli
1187 4261 1331 4314 diversitate

205 4344 263 4396 dass
291 4344 370 4396 lustin
401 4349 476 4398 meist
507 4348 556 4398 den
584 4347 754 4415 Gegenstand,
783 4349 951 4415 depromtum,
970 4347 1086 4398 enervari
1106 4359 1156 4395 non
1173 4362 1262 4413 posse,
1281 4349 1332 4415 ipsa

205 4432 323 4485 welcben
340 4449 369 4483 er
381 4432 525 4498 bebandelt,
545 4433 622 4483 durch
637 4434 755 4502 ungelrtl·
783 4435 826 4486 Dr.
847 4434 906 4486 Otto
925 4434 1045 4485 concedit
1069 4432 1197 4498 (Epistola
1216 4433 1248 4485 ad
1268 4434 1331 4486 [tio-

205 4521 261 4589 rige
274 4518 450 4571 Elnscbiebsel
469 4522 587 4572 zerreisst
604 4522 655 4572 und
676 4520 755 4572 iiber·
783 4530 901 4590 gnatum,
921 4520 981 4572 edit.
995 4519 1050 4571 tto.
1069 4536 1094 4586 p.
1113 4518 1146 4569 36
1165 4536 1221 4588 sqq.

205 4607 284 4675 haupt
293 4607 359 4659 olme
367 4607 756 4676 lngiscbeOrdnungbespricht,
819 4610 845 4671 1)
865 4607 915 4659 cn.
935 4610 1057 4660 Semiscb
1074 4605 1091 4656 l.
1111 4621 1133 4656 c.
1152 4622 1177 4672 p.
1201 4607 1260 4659 180.

205 4695 318 4763 verlolgt
347 4695 392 4747 der
421 4695 552 4746 Verlasser
582 4696 628 4747 des
660 4695 757 4746 Brieles
818 4696 848 4761 2)
869 4696 950 4756 Boot,
976 4693 991 4744 l.
1011 4710 1033 4743 c.
1052 4709 1076 4759 p.
1098 4691 1155 4742 lll.
1191 4690 1244 4743 etr.
1269 4706 1333 4762 quac

206 4784 262 4835 scin
277 4781 370 4847 Object
388 4783 412 4834 in
425 4781 554 4850 lngiseher
565 4781 758 4848 sachgemdsser
784 4781 815 4831 ad
833 4780 1004 4832 enervandum
1017 4778 1065 4828 boc
1078 4786 1254 4846 argumentum
1268 4779 1333 4831 dicta

205 4868 410 4937 Entwiclrelung.
439 4868 508 4919 Dazu
523 4866 627 4933 kommt,
643 4868 701 4919 dass
715 4868 757 4918 die
784 4878 842 4921 sunt
866 4885 879 4919 a
907 4865 951 4919 Dr.
970 4865 1030 4917 Otto
1055 4864 1070 4915 l.
1091 4880 1113 4916 c.
1135 4881 1160 4933 p.
1180 4865 1211 4916 21
1233 4882 1289 4936 sqq.
1309 4871 1334 4918 et

206 4953 484 5024 Lieblingsausdritclra
512 4953 614 5007 lustin's
633 4956 670 5010 ,in
700 4954 757 5005 dem
785 4952 952 5007 llollmannl.
973 4969 1039 5021 cp.
1060 4952 1131 5021 5sq.

205 5039 293 5095 Briels
311 5043 436 5097 dorcbaus
454 5041 540 5097 lablen
568 5044 620 5097 und
640 5043 758 5114 dagegen
