3067 6450
385 1178 388 1183 ’
419 1201 580 1258 urnroua
597 1193 643 1257 iu
662 1202 924 1260 elocuturum-m.
941 1205 984 1261 m.
1019 1244 1024 1251 .
1199 1213 1268 1278 303

113 1361 268 1428 'stimant
312 1362 352 1427 At
381 1364 417 1444 ii,
450 1365 500 1446 qui
529 1384 585 1447 per
613 1366 790 1449 sanguinem
821 1362 851 1431 et
878 1369 1014 1433 nidorem
1041 1377 1072 1433 et
1093 1369 1267 1435 holocausta

137 1470 180 1532 illi
208 1468 353 1532 sacrificio
386 1470 556 1550 conticere,
589 1454 696 1552 bisque
725 1473 891 1536 honoribus
923 1492 990 1537 eum
1023 1492 1132 1538 ornare
1154 1481 1266 1555 potunt,

138 1575 170 1638 bi
193 1573 263 1638 nibil
285 1574 322 1638 ub
346 1575 382 1637 iis
405 1574 526 1638 diller're
549 1575 618 1638 milri
642 1574 790 1655 videntur,
818 1578 869 1658 qui
892 1579 1017 1642 eundem
1040 1578 1267 1643 munificentiam

136 1685 290 1762 praestant
310 1677 425 1742 ¹sensu
450 1680 628 1757 carentibus,
652 1697 730 1760 quoe
753 1683 911 1764 percipere
934 1682 1079 1747 honorem
1104 1683 1184 1746 bunc
1205 1701 1266 1748 non

136 1790 281 1866 possunt;
315 1781 410 1847 ²cuur
433 1801 541 1848 revera
564 1782 671 1846 nullius
694 1784 739 1846 rei
762 1784 864 1870 indigo
895 1787 951 1869 ipsi
980 1785 1089 1869 aliquid
1118 1789 1267 1869 praebere

135 1895 250 1972 putent

136 2080 184 2144 tv.
233 2080 346 2143 Cetera
368 2079 564 2143 ludaeorum
587 2080 734 2143 instituta
755 2100 821 2146 non
846 2082 973 2162 aptiora
1001 2091 1076 2145 sunt
1101 2084 1144 2146 ud
1165 2084 1266 2148 Deum

616 2186 787 2249 colendum.

224 2308 263 2371 tlt
286 2326 360 2372 uero
383 2326 487 2372 eorum
511 2307 610 2389 quoud
633 2309 717 2372 cibos
741 2310 942 2391 timiditatem,
968 2317 1000 2374 et
1021 2312 1264 2395 superstitionem

137 2413 216 2476 circa
239 2414 373 2493 subbato,
397 2419 427 2476 et
445 2413 615 2496 jactantium
639 2413 677 2476 de
696 2415 934 2495 circumcisione,
957 2423 987 2481 et
1002 2435 1080 2497 quoe
1096 2416 1134 2480 de
1145 2418 1264 2501 jejunio

137 2524 167 2580 et
189 2518 350 2582 noviluniis
373 2517 558 2582 celebrandis
581 2517 734 2598 simulent,
768 2537 845 2600 quue
867 2520 990 2584 ridiculo
1011 2529 1079 2584 sunt
1103 2529 1134 2584 et
1156 2519 1264 2586 ³nulla
1341 2510 1344 2516 ’

136 2626 349 2688 memoratione
382 2623 490 2709 dignu,
524 2623 574 2685 tibi
604 2643 621 2686 r
651 2643 699 2686 me
730 2623 871 2688 discenda
903 2644 973 2690 esse
1005 2625 1094 2691 ‘nou
1126 2628 1262 2691 arbitror.

135 2730 209 2793 Num
233 2748 354 2809 eorum,
385 2747 462 2810 quoe
484 2748 501 2793 u
523 2729 588 2792 Deo
611 2731 640 2793 in
664 2750 750 2794 usum
781 2731 932 2794 bominum
962 2738 1062 2795 creatu
1089 2739 1172 2810 sunt,
1206 2731 1262 2795 eliu
1350 2731 1355 2744 '

136 2835 254 2916 quidem
278 2843 415 2915 tanquam
436 2839 521 2897 recte
544 2841 642 2898 creatu
666 2836 819 2916 uccipere,
845 2837 902 2899 uliu
927 2855 1018 2916 vero,
1044 2842 1075 2899 ut
1098 2836 1208 2899 inutilia
1232 2841 1263 2899 et

133 2958 358 3022 supervacanee
389 2957 549 3018 recusare,
589 2940 739 3020 quomodo
775 2937 847 3002 ⁶lus
877 2940 942 3003 sit?
987 2941 1032 3003 De
1065 2940 1130 3005 Deo
1164 2947 1262 3003 eutem

135 3044 262 3123 mentiri,
286 3052 389 3107 vetere
403 3057 481 3107 'eum
504 3043 574 3107 boui
597 3045 706 3126 aliquid
727 3045 776 3108 die
795 3046 909 3108 sabboti
928 3064 1087 3128 peragere,
1110 3046 1261 3127 quomodo
1285 3027 1305 3049 ⁸
1333 3093 1335 3098 .

135 3150 254 3233 impium
270 3168 330 3212 non
346 3148 409 3212 sit‘l
453 3148 488 3211 Et
505 3147 543 3212 de
563 3150 661 3213 curnis
682 3145 922 3228 ⁶imnrinntione,
944 3156 1082 3231 tunquam
1104 3149 1261 3213 electionis
1337 3231 1340 3236 Ι

134 3255 317 3333 testimonio,
339 3254 473 3337 gloriari,
497 3255 582 3335 quusi
606 3255 644 3317 ob
668 3273 733 3317 eum
756 3254 921 3317 eminenter
944 3253 1042 3316 dilecti
1064 3255 1124 3317 sint
1145 3273 1161 3316 a
1183 3254 1261 3333 Deo,

135 3359 286 3443 quomodo
310 3360 462 3424 derisione
484 3378 544 3424 non
567 3361 607 3423 sit
629 3359 776 3443 dignum?
821 3358 882 3421 Eos
904 3362 1002 3421 eutem
1024 3364 1181 3422 versantes
1207 3352 1261 3421 'iu

134 3465 384 3547 contemplatione
406 3464 558 3528 stellarum
581 3470 611 3528 et
633 3460 767 3541 ⁸lunee,
796 3458 1029 3525 ⁹observutloni
1055 3463 1199 3525 mensium
1229 3468 1262 3527 et

135 3570 252 3635 dierum
275 3570 391 3635 deditos
415 3587 501 3649 case,
531 3577 563 3634 et
584 3569 639 3633 Dei
665 3566 691 3608 ¹⁰
706 3568 899 3633 oeconomias
920 3584 957 3631 uc
980 3572 1145 3648 temporum
1169 3567 1260 3631 vicis·
1303 3559 1309 3569 ⁸

95 3857 102 3868 =
135 3838 161 3883 et
179 3828 277 3882 dierum
294 3830 415 3883 lectorum
436 3830 460 3882 iu
480 3837 537 3882 ortu
555 3826 684 3882 stellarum
710 3829 742 3880 ait
759 3844 791 3880 au
809 3842 875 3892 uox,
900 3826 982 3900 terreri
1002 3841 1059 3878 euru
1077 3825 1194 3878 victimae
1214 3840 1260 3894 pru

134 3924 262 3982 statuunt,
289 3917 339 3969 boc
362 3916 457 3982 ruodo,
483 3925 526 3982 nt,
554 3933 610 3969 curu
633 3925 685 3969 tres
711 3915 805 3968 delicto
824 3914 902 3966 dubio
920 3911 1103 3966 immolandae:
1131 3913 1175 3981 qui
1194 3926 1261 3963 ceu·

134 4002 226 4056 stellae
249 4004 386 4056 mediocria
411 4004 590 4073 magnitudinis
610 4019 684 4055 coru-
710 4003 808 4070 spicata
837 4018 902 4068 uua,
933 4000 1001 4052 bunc
1030 3999 1137 4052 liberum
1163 4013 1221 4052 ease
1246 4014 1262 4052 a

134 4091 404 4158 paruerint,.uoctem
425 4106 484 4143 ease
502 4091 601 4143 dicant:
627 4106 683 4142 cum
709 4089 843 4141 sacrificio.
872 4094 969 4150 Borrae.

135 4167 212 4241 duae,
230 4185 408 4243 tempoeease,
427 4166 601 4248 quodroceut
616 4181 686 4231 intes·
744 4176 776 4238 8)
813 4174 949 4228 llorlluuiu
991 4173 1138 4226 celebrandi
1174 4188 1260 4227 causa.

134 4266 224 4317 aeteae
253 4278 309 4315 cum
333 4280 397 4331 uua,
425 4265 492 4316 diem
519 4264 622 4333 proprie
648 4265 684 4316 ric
711 4265 809 4313 Borrae.

135 4347 228 4401 dctuar
258 4350 370 4403 noudum
399 4350 683 4405 exiisse·conteudaut.
744 4347 775 4412 9)
795 4347 878 4400 Verba
895 4347 960 4401 baec
977 4349 1058 4416 petita
1082 4356 1142 4402 suut
1165 4362 1198 4401 er
1217 4363 1259 4416 ep.

135 4435 297 4505 Quapropter
323 4436 389 4491 baec
415 4438 456 4490 lex
482 4438 549 4506 apud
572 4436 685 4490 ludaeos
710 4433 742 4486 ad
760 4434 840 4487 Galat.
859 4437 886 4501 4,
908 4435 947 4487 to.

135 4522 256 4575 obtinuit:
283 4526 428 4595 quicunque
453 4525 494 4578 die
513 4525 616 4578 Veneria
636 4539 684 4576 ex·
729 4522 773 4586 to)
792 4520 971 4575 Ordinationes
989 4524 1015 4576 iu
1033 4538 1117 4576 reruur
1131 4519 1260 4572 universi·

134 4618 227 4676 euute,
253 4612 321 4664 circa
346 4613 443 4663 initium
462 4612 577 4677 sabbati,
604 4609 684 4662 stellis
710 4608 861 4663 tatealleo
874 4610 968 4663 iactast
986 4618 1014 4661 et
1025 4608 1074 4660 lroc
1085 4605 1186 4677 quidem
1199 4603 1259 4656 loco

134 4696 215 4748 tribua
227 4698 399 4751 mediocribus
413 4699 685 4767 couapectlaoperatus
710 4704 890 4765 tempestatum
907 4694 1094 4749 vicissitudines
1113 4685 1128 4744 ι’
1145 4688 1203 4742 Deo
1220 4690 1260 4742 aiu

134 4782 220 4849 luerit,
239 4800 298 4836 eum
314 4800 446 4852 peccasse,
465 4785 583 4853 adeoque
600 4785 684 4836 teueri
710 4783 847 4852 dispositae
861 4782 909 4835 bac
922 4779 1181 4848 roceaipuibcautur,
1195 4791 1261 4846 quas
1316 4809 1320 4818 ·

133 4870 259 4923 sacrificio
277 4872 401 4940 piaculari
414 4871 562 4925 offerendo:
581 4871 623 4940 qui
641 4871 683 4922 ri·
709 4873 793 4925 statim
811 4870 873 4923 dicit
889 4869 975 4936 καιρῶν
991 4861 1098 4933 tuapte
1123 4868 1222 4916 Bonus.

132 4956 289 5025 dsduabue,
308 4958 518 5024 curadubitetar,
535 4955 685 5010 utrumdiaa
995 4972 999 4978 ·
