3067 6450
709 1198 964 1255 Pnotsscoimoo
1208 1198 1404 1270 [Eolsrom

383 1367 475 1431 verba
494 1365 576 1448 ojus:
600 1351 669 1426 Ἐπὶ
691 1350 807 1425 τούτου
828 1347 963 1425 οὖντοῦ
977 1349 1160 1446 Κίῆμεντος
1182 1351 1325 1435 στάσεως
1348 1357 1405 1426 οἰκ

383 1466 491 1555 ὀλίγης
512 1473 583 1542 τοῖς
603 1464 636 1532 ἐν
659 1462 815 1553 Κορίνθῳ
837 1463 1001 1551 γενομένης
1022 1461 1193 1553 ἀδελφοῖς,
1223 1463 1405 1532 ἐπέστειλεν

382 1565 401 1660 ῇ
424 1572 456 1639 ἐν
476 1563 580 1659 Ῥώμη
602 1569 747 1657 ἐκκλησία
769 1563 961 1657 ἱκανωτάτην
979 1566 1103 1659 γραφῆν
1116 1573 1185 1647 τοῖς
1200 1571 1405 1659 Κορινθίοις,

383 1674 442 1753 εἰς
470 1669 636 1766 εἰρῆνην
662 1666 990 1757 συμβιβύζσυσοι
1017 1673 1184 1754 αὐτούς,
1216 1676 1285 1743 καί
1315 1668 1404 1742 οἰνα-

381 1783 532 1848 νεσύσοι
552 1778 625 1869 τῇν
647 1779 796 1847 πίστιν
818 1772 965 1859 αὐτῶν,
995 1778 1061 1845 καί
1084 1779 1127 1868 ἢν
1147 1781 1298 1849 νεωστὶ
1321 1774 1406 1846 σίπό

382 1893 460 1953 τῶν
481 1878 740 1955 ’Λποστὸλων
761 1877 1005 1976 παράδοσιν
1026 1877 1204 1975 εἰλῆφει.
1227 1889 1301 1954 Adv.
1319 1889 1403 1952 haer.

271 2070 274 2075 .
385 1997 447 2060 Lib.
471 1996 517 2059 lll.
540 2014 565 2059 e.
591 1993 619 2059 3.
643 2012 672 2055 n.
695 1989 724 2056 3.

318 2099 354 2186 ο)
386 2102 527 2165 Clemens
544 2097 785 2162 Alexandrinos
807 2096 915 2159 mullos
939 2096 1085 2178 epistolae
1102 2099 1302 2162 clementinae
1317 2099 1404 2163 locos

385 2205 499 2284 laudat,
524 2204 575 2284 qui
598 2190 695 2266 adfluo
717 2203 746 2265 in
771 2201 897 2282 epistola
921 2207 1023 2265 nostra
1047 2205 1245 2284 reperiuniur.

363 2310 471 2374 Strom.
488 2308 508 2371 1.
533 2327 557 2370 ο.
576 2307 603 2369 7.
626 2326 655 2389 p.
673 2304 751 2371 339:
775 2295 900 2369 Αἰτίκοι
922 2295 940 2367 ὁ
963 2300 1094 2392 Κλῆίῑίς
1116 2305 1148 2373 ἐν
1168 2308 1211 2392 τῇ
1231 2300 1318 2395 πρός
1337 2312 1403 2373 Κο

273 2408 421 2502 ρινθίους
442 2408 600 2496 ἐπιστολῇ
620 2403 701 2476 κατοί
722 2407 805 2489 λέξιν
826 2407 913 2498 φησί,
935 2409 993 2488 τὰς
1015 2406 1175 2500 ιλιαφορσίς
1196 2410 1404 2493 ἐκτιθέμενος

275 2520 338 2583 τῶν
360 2512 441 2582 noto?
461 2512 515 2602 τῆν
538 2511 699 2602 ἐκκλησίαν
721 2511 877 2595 δοκίμων·
903 2507 1009 2582 ”How
1031 2539 1099 2593 τις
1121 2516 1293 2596 πιστός,
1323 2511 1404 2604 ἤτω

274 2619 452 2695 δυνατός
480 2643 545 2697 τις
573 2620 721 2706 γνῶσιν
749 2617 952 2699 ἐξειπεῖν,
983 2612 1065 2706 ἤτω
1093 2619 1230 2710 σοφός
1252 2620 1292 2689 ἐν
1314 2622 1402 2688 δια-

274 2725 411 2815 κρίσει
432 2717 571 2810 λόγων,
593 2716 673 2810 ἤτω
696 2718 847 2810 γοργὸς
869 2722 910 2791 ἐν
932 2718 1084 2813 ἔργοις.
1115 2728 1227 2792 Ενιίειο
1244 2731 1345 2805 verba,
1365 2748 1405 2792 ex

274 2835 392 2898 lClem.
410 2852 434 2895 ο.
448 2829 490 2896 48
507 2831 649 2909 desumto,
664 2832 774 2914 repetit
788 2831 1009 2915 §lexandrinus
1024 2833 1130 2897 Sirom.
1143 2834 1189 2896 vl.
1207 2854 1232 2896 ο.
1244 2833 1273 2898 8.
1289 2852 1317 2914 p.
1332 2832 1404 2898 773.

364 2940 470 3004 Sirom.
494 2936 540 2998 lv.
564 2956 589 2998 ο.
616 2935 665 2998 17.
688 2956 716 3018 p.
740 2933 813 3000 609.
837 2934 918 3000 61οε
941 2933 1007 3000 Ναί
1028 2931 1091 3022 μῇν
1113 2935 1145 3003 ἐν
1166 2944 1207 3022 τῇ
1229 2933 1314 3024 προς
1335 2941 1402 3002 Κο-

275 3037 421 3129 ρινθίους
439 3037 594 3123 ἐπιστολῇ
617 3034 635 3104 o‘
656 3030 853 3115 Ἀπόστολσς
867 3030 1007 3126 Κλῆμης,
1029 3039 1080 3107 κοιλ
1100 3036 1196 3119 αύτὸς
1211 3040 1287 3127 ἡμῖν
1302 3033 1404 3105 τύπον

276 3140 347 3212 τιυιλ
369 3151 428 3209 τοῦ
448 3144 621 3229 γνωστικοῡ
642 3133 853 3232 ὑπογράφειν,
881 3140 981 3229 λέγει·
1015 3144 1091 3222 Τίς
1119 3140 1195 3233 γιίρ
1225 3166 1404 3234 παρεπι-

278 3240 466 3337 δημῇσας
495 3243 600 3336 προς
627 3244 732 3329 ὑμᾶς
760 3271 788 3311 κ.
811 3272 837 3313 τ.
861 3249 889 3312 λ.
933 3253 988 3316 Hic
1010 3253 1230 3318 Alexandrinus
1260 3256 1405 3336 epistolae

278 3364 401 3420 noslrao
423 3357 516 3437 capita
544 3355 570 3420 1.
594 3353 623 3419 9.
650 3352 699 3418 10.
725 3354 773 3419 11.
801 3355 849 3420 12.
876 3354 923 3419 17.
947 3356 995 3421 18.
1012 3354 1063 3420 21.
1080 3360 1130 3423 22.
1149 3357 1199 3423 36.
1217 3356 1268 3423 38.
1286 3355 1337 3423 40.
1355 3357 1405 3423 41.

280 3455 332 3522 48.
355 3457 407 3524 49.
431 3457 483 3524 50.
506 3458 557 3524 51.
581 3456 622 3525 58
647 3461 804 3542 excerpsit.

366 3567 472 3628 Sirom.
496 3565 530 3627 V.
553 3584 579 3628 c.
605 3565 653 3630 12.
676 3584 704 3646 p.
728 3562 810 3630 693:
844 3554 939 3627 ’Λλλσί
959 3554 1018 3629 κίέν
1039 3565 1080 3650 τῇ
1101 3559 1188 3652 πρός
1209 3562 1407 3651 Κορινθίοις

237 3724 241 3732 ,
277 3662 437 3745 Ῥιιιμοιίων
467 3664 637 3752 ἐπιστολῇ·
669 3659 857 3739 Ὠκεανός
887 3663 1127 3754 α’πέραντος
1157 3660 1407 3755 ἀνθρώποις

278 3766 464 3855 γέγραπται,
485 3768 555 3833 καί
577 3766 616 3833 οἱ
638 3762 723 3850 μετ’
745 3761 871 3833 αὐτὸν
892 3759 1051 3852 κόσμοι.
1089 3775 1289 3839 01υ.101εισ.
1313 3793 1339 3837 o.
1356 3774 1405 3839 20.

367 3873 472 3937 Strom.
489 3872 535 3935 Vl.
552 3892 579 3935 ο.
595 3871 624 3937 8.
640 3893 667 3955 p.
685 3873 765 3939 773:
795 3863 978 3960 Τοσούτῳ
1000 3871 1073 3963 γιίρ
1095 3877 1249 3959 μᾶλλον
1269 3897 1406 3943 ταπει-

279 3978 505 4062 νοφρονεῖν
528 3965 715 4063 ὀφείλει,
747 3969 826 4060 ὅσῳ
848 3974 967 4043 δοκεῖ
992 3979 1151 4062 μᾶλλον
1178 3979 1332 4063 μείζων
1354 3974 1405 4047 εἰ·

279 4102 364 4155 ναι,
387 4071 405 4142 ὁ
421 4075 553 4166 Κλήμης
567 4076 601 4144 ἐν
616 4085 657 4165 τῇ
670 4072 755 4164 πρὸς
771 4079 970 4166 Κορινθίους
986 4083 1074 4172 φησί.
1107 4088 1165 4151 Cir.
1182 4089 1194 4151 1
1210 4089 1300 4152 ciem.
1316 4107 1343 4151 σ.
1356 4086 1406 4151 48.

370 4184 476 4249 Slrom.
498 4185 518 4248 1.
543 4204 568 4247 σ.
593 4186 620 4247 7.
644 4204 671 4267 p.
695 4182 776 4250 339:
809 4178 877 4250 Ἐιλν
898 4186 936 4253 δέ
958 4182 1014 4274 τῆν
1033 4181 1199 4277 βασιλικήν
1219 4212 1255 4255 τε
1277 4187 1329 4254 καί
1351 4181 1406 4253 οιιί-

280 4281 428 4371 θεπικῆν
442 4284 567 4352 εἰσοιίσν
581 4285 685 4374 ζητῇς,
701 4282 837 4376 αἰιούσῇ·
860 4286 970 4379 Αὕτη
992 4290 1011 4380 ἦ
1033 4285 1131 4381 πύλη
1153 4295 1227 4359 τοῦ
1241 4293 1408 4382 Κυρίου,

179 4467 183 4478 .
281 4386 446 4454 δίκαιοι
474 4383 798 4458 εἰσελεύσονται
829 4392 870 4461 ἐν
898 4392 1008 4483 αὐτῇ.
1062 4396 1234 4464 Πολλῶν
1264 4396 1409 4464 τοίνυν

281 4482 545 4577 ἀνεῳγμένων
566 4495 708 4561 πυλῶν
730 4494 771 4563 ἐν
792 4496 1055 4587 δικαιοσύνη,
1078 4497 1178 4588 αὕτη
1197 4491 1239 4566 ἰν
1258 4500 1408 4589 ἐνΧρι-

281 4597 373 4679 στιῇ.
419 4599 479 4662 cfr.
503 4599 620 4663 lolem.
645 4621 670 4664 α.
694 4600 746 4667 48.

325 4699 364 4784 d)
391 4701 542 4782 Ονίροιιοι
565 4705 604 4766 de
627 4706 778 4788 principiis
801 4707 833 4771 11.
857 4728 883 4772 c.
899 4708 929 4773 3.
952 4728 980 4773 n.
998 4710 1027 4775 6.
1046 4711 1079 4775 Τ.
1095 4714 1115 4776 1.
1135 4732 1162 4794 p.
1180 4710 1231 4777 82.
1248 4711 1294 4776 ed.
1312 4711 1408 4775 Ruae:

391 4806 531 4870 Meminit
561 4827 639 4871 sone
677 4811 819 4875 clemens
851 4811 1074 4892 Apostolorum
1107 4816 1283 4894 discipulos
1318 4818 1411 4879 etiam

390 4930 508 4987 eorum,
532 4930 610 4991 ριιοο
634 4906 829 4993 σίτίχθονας
848 4916 960 4978 Graeci
980 4921 1191 4997 nominarunt,
1215 4928 1308 5001 atque
1325 4924 1411 4984 ολίσι

390 5022 499 5093 portes
523 5016 610 5079 orbis
634 5028 748 5100 terroe,
772 5022 816 5085 od
836 5039 916 5103 φασι
937 5040 1037 5102 nequo
1052 5033 1231 5092 nostrorum
1247 5025 1412 5107 ηιιίερνασι
