3067 6450
485 1216 664 1272 nunninus
683 1216 848 1271 ensibus.
874 1217 928 1270 xii.
950 1216 1015 1272 nun
1271 1226 1313 1291 35
1341 1266 1344 1271 ,

191 1398 260 1444 esse
279 1379 370 1443 titium
384 1380 516 1456 Dubiis,
539 1378 737 1441 reformidans
754 1383 784 1440 et
799 1377 967 1460 intelligens
989 1395 1124 1440 errorem
1144 1381 1314 1447 scelerato·

190 1502 273 1563 rum,
296 1484 336 1545 uit
359 1482 470 1545 David:
496 1480 504 1519 ¹
526 1482 630 1559 ,tiiait
652 1482 804 1545 Dominus
828 1482 961 1544 Domino
986 1502 1069 1544 nizea:
1091 1485 1165 1545 sede
1189 1506 1208 1546 u
1233 1489 1314 1548 dce-

190 1591 248 1652 tris
264 1589 358 1664 meis,
382 1588 481 1652 donec
493 1606 612 1667 pariam
627 1589 771 1669 inimicas
788 1594 859 1649 tuas
874 1584 1042 1646 scabellum
1053 1588 1168 1664 pedum
1184 1598 1315 1653 tuarum.

190 1693 226 1756 tu
256 1693 347 1755 isuiss
379 1708 472 1772 porro
509 1690 548 1750 itu
582 1690 728 1771 iuquitur:
765 1688 885 1750 ²‹ttxtt
909 1689 1064 1751 Dominus
1095 1692 1220 1756 Cbrista
1250 1715 1315 1758 rnen

191 1794 365 1872 ’Domina
391 1796 482 1873 cujus
507 1796 698 1872 apprehendi
720 1795 899 1867 dexteram,
923 1799 958 1852 nt
979 1792 1125 1856 obediant
1147 1799 1176 1860 si
1198 1810 1315 1878 nentes,

191 1911 222 1964 et
240 1901 460 1978 fortitudinem
483 1917 588 1978 reqnm
611 1899 812 1978 disrumpam.
852 1896 946 1973 Ecce,
970 1898 1121 1977 quemodo
1138 1900 1231 1964 David
1250 1923 1316 1965 euru

193 2006 352 2069 Dominum
376 2010 466 2065 vocet
489 2010 518 2064 ct
542 2002 597 2065 Dei
620 2003 721 2066 biium.

192 2194 267 2259 iiiii.
308 2193 520 2268 Christianos,
537 2211 600 2254 non
616 2193 769 2269 iudaeos,
792 2190 935 2269 foederis
952 2194 1054 2255 divini
1071 2215 1140 2260 esse
1155 2198 1317 2278 itaer-edes,

478 2298 548 2376 jam
572 2298 604 2358 in
629 2297 658 2358 V.
685 2296 717 2358 T.
741 2298 959 2357 annuntiatum
979 2306 1031 2360 est.

283 2419 342 2484 Sed
363 2418 642 2497 rideuinus,utru1n
662 2419 710 2480 bic
727 2417 856 2499 populus
875 2417 982 2479 haeres
1001 2421 1047 2498 sit,
1068 2440 1104 2483 en
1128 2440 1199 2484 uero
1219 2425 1301 2505 prior
1309 2447 1318 2502 ;

196 2528 227 2586 et
240 2530 339 2585 utrum
356 2528 560 2584 testamentum
581 2521 617 2583 nd
638 2540 703 2601 nos,
723 2541 760 2584 un
778 2521 814 2583 ud
832 2523 897 2584 iiius
913 2525 1067 2603 pertinent.
1107 2528 1215 2589 Audite
1232 2549 1319 2609 nunc,

196 2626 267 2710 qnid
291 2628 437 2708 scriptura
460 2627 538 2689 dicut
562 2627 600 2689 tic
621 2627 741 2708 populo.
781 2625 916 2688 ⁴Orubut
933 2626 1051 2690 isaacus
1067 2629 1221 2694 Rebeccae
1240 2652 1320 2695 uxo-

197 2734 239 2794 ris
261 2748 337 2792 suec
359 2748 458 2808 caiisa,
482 2731 560 2811 quod
584 2741 666 2797 essct
690 2731 800 2793 sterilis
809 2751 819 2806 ;
844 2737 872 2791 ct
895 2732 944 2793 iliu
967 2736 1112 2814 concupit.
1158 2735 1263 2798 Pastcn
1292 2742 1321 2798 et

197 2835 335 2897 Rebecca
355 2853 478 2917 egressu
498 2841 543 2897 esi
564 2837 599 2897 ud
624 2834 869 2917 interrogandum
888 2836 1053 2916 Dominum,
1076 2847 1104 2900 et
1126 2840 1198 2902 dixit
1216 2842 1321 2905 Domi-

199 2956 255 3001 nus
279 2938 316 3001 ud
340 2938 429 3000 iiiam:
454 2935 556 3001 ⁵dnae
576 2949 684 3021 qentcs
702 2940 735 2999 in
753 2948 840 3000 atero
856 2947 909 3001 tna
925 2949 1008 3017 sunt,
1029 2962 1069 3002 ac
1083 2945 1146 3006 duc
1160 2947 1270 3024 popuii
1289 2948 1322 3007 in

198 3051 306 3105 uentre
328 3049 401 3119 tuo,
432 3050 525 3122 atque
546 3062 628 3105 nnus
647 3043 786 3122 populns
808 3041 940 3103 aiterum
961 3046 1137 3123 superabit,
1170 3057 1199 3109 et
1221 3053 1323 3128 major

199 3141 305 3232 [netu]
322 3146 438 3208 serviet
452 3147 576 3217 minori.
615 3147 737 3208 Debctis
757 3146 933 3230 inteiiigere,
957 3150 1022 3228 quis
1040 3151 1076 3210 sit
1093 3149 1221 3228 isaacus,
1245 3172 1322 3232 quse

199 3252 348 3327 Rebecca,
365 3251 444 3312 etde
456 3252 630 3331 quibusnam
647 3252 852 3326 declaraverit,
870 3250 950 3331 quud
967 3252 1093 3331 populus
1112 3254 1158 3315 bic
1171 3258 1207 3316 sit
1219 3257 1322 3336 {niujan

200 3373 288 3437 quain
310 3355 370 3417 iiie.
409 3354 444 3416 Et
466 3356 495 3416 in
520 3356 575 3419 niis
599 3356 754 3438 prophetie
777 3355 962 3415 muniicstius
986 3354 1115 3434 loquitur
1132 3357 1263 3420 iucobus
1285 3358 1322 3420 ud

200 3459 289 3522 biium
310 3477 394 3520 suum
413 3456 587 3540 tosepnun,
608 3460 727 3521 dicens:
750 3452 856 3532 ‘eccm
876 3458 1029 3520 Dominus
1044 3477 1108 3521 nan
1122 3462 1264 3537 privavit
1278 3484 1323 3524 me

198 3563 284 3642 facie
299 3571 373 3635 tna;
396 3562 500 3623 uddnc
513 3563 588 3623 mibi
604 3563 690 3642 fitius
706 3571 789 3635 tuas,
809 3566 844 3619 nt
861 3559 1043 3621 benedicam
1059 3564 1113 3623 eis.
1152 3562 1188 3623 Et
1203 3564 1326 3628 adduxit

203 3660 383 3730 'linimen
402 3672 432 3728 et
449 3666 652 3748 Ephraimum,
676 3666 818 3746 cupiens,
842 3670 873 3724 ut
891 3662 1045 3726 Manasses
1064 3660 1324 3749 ⁸benedicereiur,

201 3773 269 3851 quin
292 3776 357 3832 erut
379 3777 450 3831 nutu
473 3773 575 3852 major.
613 3769 715 3849 iteque
735 3766 888 3847 iosepbus
912 3766 1035 3829 adduxit
1058 3788 1125 3831 cum
1149 3771 1185 3832 ud
1209 3791 1325 3836 menum

201 3874 355 3938 desieram
378 3874 469 3955 petris
489 3874 535 3935 sui
555 3871 669 3936 Jucobi.
708 3872 788 3934 Vidit
810 3879 907 3933 autem
928 3872 1034 3952 spiritu
1052 3871 1183 3938 Juccbus
1201 3876 1326 3957 iigurum

202 3979 305 4062 popuii
328 3979 454 4041 venturi.
492 3976 527 4038 Ei
547 3976 617 4058 quid
638 3983 738 4039 narrat
759 3975 935 4056 scripture?
973 3976 1009 4037 Et
1027 3980 1216 4039 commutavit
1231 3979 1326 4043 iuco-

202 4083 256 4147 bus
288 4097 393 4145 munus
421 4097 507 4158 suus,
538 4086 567 4141 ci
590 4075 775 4143 ⁹dextcrum
805 4082 904 4162 posuit
935 4099 1026 4161 super
1056 4088 1143 4162 caput
1167 4082 1327 4165 Ephraimi,

202 4189 381 4251 minorisae
396 4186 543 4267 junioris,
567 4191 597 4247 et
624 4185 777 4248 benedixit
800 4185 850 4247 iiii.
888 4185 1029 4266 Dixitque
1046 4185 1196 4265 iosepbus
1213 4185 1249 4247 ed
1270 4184 1327 4247 Ju-

203 4293 328 4355 eobum:
356 4284 381 4327 ¹⁰
389 4287 529 4367 transfer
552 4263 714 4351 dcate'ram
736 4297 819 4351 tuam
834 4307 931 4366 snper
947 4279 1041 4366 capnt
1056 4286 1226 4364 Manassis,
1252 4289 1328 4369 quia

200 4397 381 4475 primitivas
394 4394 478 4473 fitius
492 4409 576 4455 mens
592 4402 646 4455 est.
677 4392 714 4454 Et
728 4392 883 4473 respondit
898 4391 1028 4453 iacchus
1043 4390 1195 4473 Joscpbo:
1218 4389 1328 4466 Nscio,

203 4500 265 4578 titi,
288 4499 374 4571 scio,·
395 4500 452 4562 sed
474 4500 579 4577 major
601 4499 717 4558 seruiet
738 4499 872 4569 minari;
896 4496 1095 4558 benedicetur
1117 4506 1218 4559 antem
1237 4496 1329 4557 etiam

206 4603 267 4665 itis.
307 4602 449 4685 Aspicite,
465 4601 503 4664 de
520 4601 695 4682 quibusnam
710 4601 848 4679 valuerit,
869 4618 938 4663 esse
956 4600 1034 4662 hunc
1049 4601 1174 4682 primurn
1190 4597 1330 4680 populum

241 4776 270 4837 7)
293 4770 343 4822 To'r
361 4775 433 4822 Mar.
452 4773 491 4821 καὶ
510 4787 542 4824 ex
560 4773 699 4841 interprete
710 4770 755 4823 int.
818 4769 848 4837 9)
870 4770 919 4835 Τιξν
936 4768 1015 4830 δεξιὼ
1039 4788 1071 4822 ex
1094 4780 1144 4823 vet.
1169 4771 1260 4835 interm
1286 4780 1331 4815 re-

207 4861 317 4912 testituit
335 4858 479 4910 bieusrdur.
783 4858 869 4907 stitus.

240 4946 273 5010 8)
292 4940 462 5011 Εὖὶογηθῆναι
480 4948 573 4996 Dans.
611 4942 690 4996 vum
713 4942 756 4993 in·
804 4943 849 5007 10)
868 4942 929 4995 Gen,
950 4942 992 5007 48,
1014 4943 1055 4993 te.

208 5038 324 5101 ternum
344 5033 469 5085 medici.
808 5028 851 5093 ii)
870 5029 933 5080 Gen.
953 5026 997 5089 te,
1019 5027 1057 5077 19.

1074 5112 1126 5178 3*
