3067 6450
393 1178 532 1258 acauno
551 1202 686 1256 rnsrou.
722 1201 819 1255 uruca
838 1201 869 1258 u.
904 1201 1050 1257 uuuour.
1069 1203 1088 1259 1.
1107 1204 1137 1258 u.
1264 1204 1329 1271 347

201 1370 253 1450 qui
277 1385 335 1430 uec
357 1369 452 1431 verbo
476 1366 601 1444 deliniri,
624 1384 681 1427 uec
703 1373 803 1427 mente
826 1365 941 1447 concipi
966 1372 1072 1448 potest.
1118 1365 1214 1429 Crede
1238 1366 1329 1448 igitur

201 1475 232 1536 in
269 1493 355 1551 eum,
390 1481 418 1536 et
454 1473 523 1535 time
559 1490 643 1548 eunt,
677 1477 707 1532 ei
739 1471 845 1532 tianeus
880 1471 955 1532 habe
987 1472 1202 1534 abstinentiam.
1248 1473 1328 1534 llaec

201 1577 339 1656 custodi,
356 1585 399 1638 'et
421 1577 517 1659 abjice
540 1578 593 1639 abs
616 1582 645 1637 te
668 1594 791 1646 ornnem,
809 1576 1081 1656 concupiscentiam
1105 1583 1134 1638 et
1157 1578 1326 1658 nequitiam,

201 1691 234 1747 et
256 1683 346 1745 indue
369 1684 505 1746 virtutem
527 1683 668 1766 justitiae,
691 1689 721 1744 et
745 1683 829 1745 vives
849 1681 924 1761 Deo,
948 1683 973 1744 si
997 1681 1176 1744 custodieris
1201 1679 1350 1743 masada--

200 1793 264 1850 tum
289 1787 376 1851 hoc.“

641 1995 828 2078 blandulum
856 1997 894 2078 ll.

248 2176 296 2237 De
325 2174 479 2256 sopienda
509 2174 750 2249 obtrectatione,
789 2180 819 2234 et
848 2175 1044 2258 eleemosyna
1072 2171 1220 2255 socienda
1252 2175 1284 2239 in

666 2279 875 2358 simplicitate.

253 2414 456 2503 tentarem
478 2411 544 2498 ἔχε,
566 2416 618 2482 καὶ
643 2414 757 2489 ἄκακος
828 2418 907 2480 Dixit
942 2417 1026 2479 mibi:
1070 2416 1328 2504 ¹„simplicitatem

202 2522 295 2606 perri,
316 2521 370 2585 καὶ
392 2516 447 2587 ε”οο
471 2516 515 2596 ὥς
536 2516 578 2586 aa?
600 2521 695 2609 νήπια
717 2518 757 2585 τα
784 2522 870 2601 habe,
895 2529 924 2585 et
946 2524 1090 2586 innocens
1114 2532 1197 2603 τεῖος
1220 2534 1249 2588 et
1270 2529 1329 2591 eris

202 2623 249 2711 μῆ
281 2621 469 2710 γινώσκοντα
499 2625 669 2714 πονηρίαν,
703 2623 757 2712 τήν
783 2630 859 2690 sicut
876 2628 982 2706 inians,
999 2629 1048 2709 qui
1068 2632 1164 2691 nescit
1181 2632 1329 2714 malitiam,

203 2723 372 2796 οἷπολέσαν
393 2725 450 2816 τήν
463 2730 619 2820 σωτηρίαν
631 2732 693 2795 cair
704 2722 755 2795 οἷν-
784 2751 861 2814 quae
895 2731 1022 2814 perdidit
1051 2734 1138 2795 uitam
1170 2734 1329 2801 bominum.

202 2827 360 2923 θρώπων.
395 2836 531 2924 Πρῶτον
551 2834 608 2918 μὲν
625 2830 757 2923 μηδενός
782 2837 908 2899 Primum
932 2837 969 2900 de
991 2837 1074 2900 nullo
1097 2839 1173 2901 male
1188 2840 1330 2922 loquaris,

203 2932 389 3019 recalcitra,
410 2939 492 3024 μηδὲ·
507 2938 609 3028 ἡδέως
623 2932 700 3004 duaa
716 2946 758 3004 rei
783 2927 881 3024 neque
903 2944 1031 3006 libenter
1054 2945 1156 3008 audias
1181 2949 1256 3010 male
1280 2950 1329 3011 lo-

203 3045 456 3121 καταλαλῦντος·
479 3042 508 3110 εἰ
532 3043 568 3110 δὲ
589 3043 632 3130 μή
646 3043 699 3108 καὶ
714 3038 755 3111 οὐ
783 3053 930 3127 quentem.
955 3048 1005 3112 Sin
1018 3066 1092 3120 uero
1105 3058 1135 3111 et
1149 3057 1178 3112 tu
1189 3052 1329 3130 lucidioris,
1420 3080 1424 3089 ·

204 3142 318 3229 ὠκέων,
335 3145 446 3233 ἔνοχος
462 3144 517 3237 ἔσῃ
528 3150 583 3237 τῆς
595 3147 755 3237 ἁμαρτίας
783 3153 931 3232 particeps
958 3154 1018 3213 eris
1042 3154 1156 3233 peccati
1181 3154 1257 3216 male
1280 3156 1330 3218 lo·

204 3264 246 3321 τῦ
267 3256 498 3329 καταλαλὲντος
498 3302 587 3317 .....
611 3253 756 3342 Πονηρόν
783 3256 918 3336 quentis3
942 3264 972 3318 et
995 3256 1132 3334 credens,
1157 3264 1187 3320 tu
1208 3278 1331 3340 quoquc

204 3360 264 3448 γάρ
287 3356 415 3442 πνεῦμά
435 3358 519 3425 ἐστιν
540 3357 560 3447 ἡ
573 3355 755 3437 emutatis,
782 3366 934 3441 peccatum
947 3359 1079 3436 babebis,
1097 3362 1164 3441 quia
1178 3364 1331 3426 credidisti

203 3464 258 3530 καὶ
266 3456 484 3530 ἅκατάοτατον
499 3458 686 3545 nonan,
694 3488 754 3551 pap-
783 3463 857 3525 male
869 3464 1001 3544 loquenti
1015 3464 1053 3526 de
1066 3466 1157 3527 tratre
1170 3472 1230 3529 tuo.
1255 3469 1331 3531 Per·

205 3567 327 3634 dirrare
342 3566 504 3656 cipparius,
520 3562 755 3634 dilancinata
782 3572 894 3633 niciosa
915 3578 960 3634 est
977 3571 1133 3649 detractio,
1158 3572 1331 3637 inconstans

205 3671 478 3755 ἐνόιχοοταοίαις
491 3674 651 3738 κατοικεῖν.
672 3664 755 3736 ”Aa
782 3671 996 3738 ²daemonium
1020 3683 1086 3750 est,·
1118 3694 1276 3756 numquam
1301 3679 1330 3740 iu

203 3800 256 3861 εχε
285 3767 323 3843 dr
350 3776 407 3844 ἀπ’
429 3770 525 3855 αἰτεῖ,
557 3777 611 3842 καὶ
632 3774 755 3863 εἰρήνην
782 3796 856 3859 pace
867 3780 1011 3859 consistit,
1022 3782 1076 3845 sed
1089 3800 1208 3862 semper
1223 3782 1251 3841 iu
1266 3781 1331 3842 dis·
1406 3763 1408 3768 ¹

203 3881 288 3960 ἕξεις
321 3880 402 3963 μετὰ
435 3875 570 3947 πάντων.
609 3880 755 3946 'badacar
782 3882 883 3944 cordia
900 3892 1006 3947 manet.
1031 3886 1157 3949 Contine
1174 3892 1203 3946 te
1221 3885 1332 3963 abillo,

203 3987 241 4052 δὲ
263 3983 320 4073 τήν
342 3979 508 4073 ἁπλότητα
528 3985 583 4050 καὶ
605 3980 662 4072 τήν
679 4007 755 4066 οεμ-
783 3992 812 4047 et
824 4004 1056 4071 semperpaceru
1070 3991 1146 4053 habe
1160 4009 1225 4053 cum
1241 3989 1332 4052 lrutre

201 4091 330 4178 vairpan,
352 4090 383 4157 ἐν
406 4082 454 4165 οἷς
476 4085 551 4155 έδὲν
571 4089 638 4156 ἐστι
654 4086 754 4177 npdo-
784 4100 843 4156 tuo.
873 4094 964 4158 ludue
981 4098 1175 4158 constantiam
1191 4102 1333 4176 sanctam,

202 4218 312 4278 κομμα
348 4191 498 4283 πονηρὸν,
536 4188 615 4260 ἄλλα
651 4194 756 4259 πάντα
784 4199 812 4259 io
837 4217 894 4280 qua
918 4200 995 4261 nulla
1019 4207 1087 4262 sunt
1110 4209 1247 4282 peccata,
1278 4200 1332 4262 sed

203 4292 312 4381 ὁμαλά
331 4298 382 4364 καὶ
406 4293 517 4386 ἱλαροὶ·
784 4304 881 4365 omnia
905 4304 981 4365 lacta
1005 4302 1090 4381 sunt3

204 4415 234 4471 et
258 4407 385 4469 benefac
409 4407 446 4469 de
468 4407 619 4470 laboribus
644 4408 708 4470 tuis.
740 4403 911 4470 ³0rnnibus
935 4410 1072 4490 inopibus
1096 4409 1132 4471 da
1149 4409 1332 4490 simpliciter,
1406 4424 1411 4430 ·

204 4493 286 4574 nibil
303 4511 457 4589 dubitans,
486 4514 532 4574 cui
556 4512 618 4573 des.
664 4512 723 4576 Sed
748 4513 884 4574 amnibus
908 4512 961 4589 da3
990 4516 1126 4576 ouunibus
1150 4514 1227 4574 enim
1251 4511 1331 4572 Deus

203 4615 268 4678 dari
291 4616 354 4677 vult
377 4614 415 4677 de
439 4617 501 4678 suis
525 4617 619 4678 bouis.
665 4618 721 4689 Oui
746 4636 821 4700 ergo
845 4620 1011 4699 accipiunt,
1034 4619 1162 4681 reddent
1185 4617 1330 4679 rationem
1441 4625 1444 4637 ·

203 4720 289 4798 Deo,
314 4739 409 4801 quare
432 4727 627 4802 acceperunt,
658 4728 688 4783 et
710 4721 745 4783 ad
771 4722 850 4803 quid.
896 4722 952 4797 Qui
975 4730 1071 4786 autern
1095 4722 1242 4801 accipiunt
1264 4719 1331 4782 licta

242 4875 270 4941 l]
294 4873 332 4924 Ex
359 4878 450 4928 Docte.
473 4879 512 4938 ,καί
537 4878 655 4928 Antiocn.
684 4892 708 4926 n.
729 4877 753 4929 2.
818 4878 846 4940 2)
867 4877 930 4927 Vitia
951 4893 965 4927 a
985 4874 1099 4926 Patribus
1117 4881 1332 4942 saepevocantur

203 4977 229 5027 p.
242 4959 303 5013 253.
334 4958 432 5012 Eadem
452 4963 538 5029 paucis
557 4964 658 5016 mutatis
677 4964 754 5016 babet
782 4965 923 5016 daemonia.

203 5049 366 5112 miccina,
387 5045 473 5100 homil.
493 5049 535 5101 29.
815 5049 844 5117 ³)
864 5050 959 5102 Simiba
978 5047 1055 5100 habet
1068 5050 1185 5103 Antiocn
1204 5046 1273 5102 bom.
1286 5048 1330 5105 98,
1427 5004 1433 5014 =
