3067 6450
385 1195 578 1253 ttlnttltltttl
596 1199 621 1253 S.
640 1197 830 1256 Potucnnrt.
849 1199 890 1253 xl.
908 1199 960 1256 XII.
978 1200 1042 1256 xm.
1108 1246 1110 1251 .
1211 1208 1275 1273 285

144 1379 272 1444 carpus:
298 1360 396 1443 ipnem
420 1362 562 1439 mineris,
587 1363 641 1443 qui
663 1362 706 1425 ud
721 1363 819 1427 borae
839 1364 974 1442 apetium
996 1366 1097 1442 ardet,
1122 1385 1161 1427 nc
1177 1367 1276 1445 puolo

142 1475 221 1546 post
243 1469 473 1547 eratinyuitur,·
494 1469 625 1547 ipnoros
642 1469 723 1529 enim
739 1470 824 1532 illurn
838 1468 939 1547 futuri
948 1471 1068 1549 judicii
1084 1480 1114 1533 et
1129 1481 1275 1534 aeternae

143 1592 266 1651 poenae
288 1573 405 1653 ipson,
437 1575 491 1653 qui
515 1573 620 1651 impiis
643 1583 831 1638 reservetur.
881 1572 990 1638 Verum
1016 1579 1093 1658 quid
1113 1576 1276 1640 moraris?

144 1675 267 1755 Proser,
292 1678 497 1758 quodcunque
519 1677 667 1741 uolueris.

358 1869 420 1932 Xll.
465 1869 659 1952 Polycarpua
682 1868 726 1931 od
747 1888 856 1950 rapum
879 1871 1055 1936 damnatur.

234 1992 314 2054 llaec
338 2010 411 2054 vcro
436 1999 526 2074 alque
549 1992 605 2055 alia
629 1990 713 2073 plura
736 2010 802 2055 cum
826 1994 958 2073 diceret,
982 1995 1088 2057 liducia
1111 2001 1141 2057 et
1162 1995 1272 2078 gaudio
1311 2064 1313 2068 ,

146 2096 334 2178 repiebatur,
366 2098 503 2178 illiusque
527 2097 626 2160 vultus
648 2097 755 2177 plenus
779 2098 894 2178 gratiae
919 2104 999 2177 erat,
1032 2098 1126 2178 adeo,
1158 2106 1273 2163 utnon

145 2202 243 2265 solum
267 2220 328 2265 non
351 2201 541 2279 concideret,
571 2200 637 2281 ipso
663 2201 817 2281 perdicto
845 2198 1063 2280 ¹conturbato;
1091 2202 1146 2267 sed
1169 2210 1273 2267 contra

146 2307 311 2389 proconsul
333 2313 484 2388 stuperet,
515 2323 662 2386 suumque
685 2305 814 2368 mitteret
840 2325 1019 2387 praeconem
1051 2316 1097 2370 ter
1121 2309 1150 2371 in
1175 2308 1272 2371 medio

146 2410 242 2475 stadio
265 2411 529 2494 proclamaturum:
560 2409 753 2491 Polycarpum
786 2412 950 2492 confessus
973 2423 1036 2490 eet,
1063 2413 1274 2477 Cbristiununs

145 2537 180 2579 se
212 2536 288 2579 esse.
334 2515 419 2590 Quod
451 2516 501 2578 ubl
532 2517 754 2596 pronuntiasset
786 2534 913 2598 praeco,
949 2518 1087 2581 universa
1120 2518 1273 2583 multitudo

146 2621 300 2704 gentilium
323 2639 357 2683 ac
380 2619 578 2698 ludaeorum,
602 2620 651 2702 qui
676 2621 831 2704 Smyrnam
854 2622 1038 2701 incolebant,
1063 2621 1205 2686 ellrenata
1229 2625 1273 2687 ira

147 2734 175 2788 et
205 2743 311 2806 magna
343 2743 419 2786 voce
448 2725 668 2787 conclamabat:
699 2725 751 2788 bie
774 2723 973 2806 ²impietatis
1002 2734 1050 2789 erl
1072 2736 1271 2808 praeceptor,

142 2840 236 2913 pater
249 2830 530 2906 Christianorum,
553 2831 689 2893 Deorum
712 2841 894 2896 nostrorum
918 2852 1055 2909 euersor,
1082 2833 1137 2913 qui
1160 2836 1274 2899 multos

146 2938 255 3011 docet,
292 2954 330 2998 ne
367 2933 566 3014 sacrificent,
606 2954 682 2997 neue
714 2935 801 3000 Deos
836 2937 977 3000 odorent.
1021 2938 1103 3000 llaec
1140 2938 1272 3002 dicentes

145 3040 310 3104 clamabant
340 3039 549 3121 rogabantque
571 3037 733 3119 Philippum
757 3036 978 3119 ³Asiarcbam,
1010 3048 1041 3103 ut
1067 3041 1184 3104 leonem
1215 3041 1271 3105 ad·

146 3164 254 3209 versus
269 3144 463 3225 Polycarpum
487 3145 643 3207 emitteret.
688 3143 727 3205 At
742 3144 893 3226 Philippus
914 3144 941 3206 id
962 3143 1018 3206 sibi
1033 3144 1124 3206 licere
1140 3147 1271 3228 negavit,

144 3253 215 3333 quia
248 3249 347 3314 ludum
379 3250 550 3312 bestiarium
580 3251 641 3332 jam
675 3245 897 3329 ⁴errpleuisset.
952 3250 1035 3311 Tunc
1065 3248 1173 3330 placuit
1203 3250 1270 3327 illis,

142 3374 206 3419 uno
241 3373 391 3418 consensu
426 3354 571 3431 clamare,
610 3358 641 3414 ut
671 3351 853 3434 Polycarpus
887 3350 1001 3416 ⁵vivus
1035 3354 1269 3418 combureretur.

141 3459 278 3522 Necesse
305 3461 384 3522 enim
415 3464 495 3537 erat,
527 3466 559 3520 ut
582 3456 658 3519 visio
683 3457 729 3518 illa
753 3457 791 3519 de
814 3458 954 3521 cervicali
975 3457 1162 3538 impleretur,
1193 3476 1270 3541 quaa

143 3565 171 3626 ei
197 3569 317 3627 ostensa
343 3563 452 3641 luerat,
482 3580 550 3625 cum
573 3563 650 3624 inter
673 3560 817 3624 orandum
841 3561 912 3624 illud
935 3562 1046 3624 ardens
1077 3562 1209 3640 uideret,
1240 3568 1271 3623 et

141 3686 308 3731 conversus
331 3668 369 3729 ad
392 3666 495 3731 fideles
523 3666 673 3730 adstantes
705 3667 880 3749 prophetice
907 3666 1037 3730 diceret:
1071 3675 1195 3746 oportet
1222 3685 1269 3728 nse

140 3774 247 3836 airum
270 3773 415 3837 comburi.

488 4065 562 4131 Xlll.
607 4067 714 4148 ltopus
737 4069 919 4131 exstruitur.

231 4189 311 4252 llaec
333 4207 425 4271 porro
449 4189 535 4252 nitius
557 4194 675 4271 peracta
700 4194 785 4264 suot,
816 4205 902 4266 quam
924 4185 1132 4269 pronuntiata,
1164 4190 1269 4247 crincta

140 4294 230 4375 plebe
252 4292 409 4357 conlestim
433 4312 473 4356 ex
495 4291 621 4356 ollioinis
643 4311 678 4355 ac
701 4292 815 4354 balneis
846 4291 927 4372 ligna
962 4297 992 4353 et
1014 4297 1164 4353 sarmenta
1187 4307 1267 4353 con-

140 4519 167 4570 ld
193 4516 333 4586 gerendum
355 4515 522 4584 eligebantur.
559 4515 624 4568 llioe
640 4524 689 4579 est,
751 4516 779 4577 l)
804 4513 841 4567 lta
869 4515 987 4577 codices,
1020 4522 1087 4565 testo
1113 4510 1268 4574 lacobsono,

140 4604 210 4673 quod
223 4603 314 4655 Strabo
332 4603 468 4666 observat,
487 4602 622 4654 Asiarcbss
634 4602 689 4653 lere
716 4604 811 4653 omisso
848 4611 983 4669 augmento
1015 4596 1266 4669 plusquamperleetl,

139 4689 451 4742 eslrsllisnisdasumtos
465 4689 553 4752 luisse,
567 4698 688 4756 propter·
716 4687 783 4755 quod
815 4691 916 4756 saepius
946 4689 1001 4739 lieri
1028 4693 1134 4738 testatur
1161 4683 1266 4749 Winsr,

138 4792 182 4838 es,
202 4775 269 4844 quod
288 4775 344 4840 ejus
361 4777 430 4828 urbis
443 4778 512 4827 cives
524 4777 599 4828 totius
611 4774 689 4825 Asina
717 4777 834 4827 tiresum.
855 4778 879 4840 §.
901 4775 940 4825 12.
960 4774 989 4825 N.
1009 4773 1033 4824 8.
1053 4786 1077 4837 p.
1097 4768 1139 4819 69.
1166 4768 1207 4819 ed.
1227 4764 1267 4817 tlt.

140 4861 323 4929 opulentissimi
337 4870 431 4913 essent.
452 4866 591 4913 Venustus.
618 4860 689 4912 ldem
752 4860 767 4909 5
771 4868 783 4926 t
802 4859 823 4910 ll
842 4860 917 4912 codd.
934 4858 1006 4910 llind.
1029 4866 1055 4910 et
1073 4855 1206 4908 Parisieusi
1219 4851 1267 4905 ls-

138 4949 188 4999 iste
214 4947 343 5015 Philippus
373 4949 437 4999 inlra
465 4965 487 5000 e.
506 4947 542 4999 at
572 4942 690 5014 ἅρχαριύς
716 4946 845 4998 oobsouus
862 4946 977 5014 reposuit
994 4945 1080 5004 ζῶντα.

142 5032 284 5103 Tpottusde
300 5033 451 5104 appellatur.
478 5037 622 5087 Jsoossos.
