3067 6450
313 1170 439 1231 toltum
454 1168 611 1227 nemost
631 1172 677 1227 nt>
698 1171 910 1228 mutemus.
928 1172 971 1230 lll.
988 1173 1029 1231 ll.
1046 1175 1077 1231 t.
1197 1178 1259 1245 189

132 1336 259 1418 Christi,
297 1342 328 1400 et
361 1335 534 1422 episcopum
566 1343 599 1400 ut
631 1333 733 1401 Jesnm
767 1337 933 1418 Christum,
965 1336 1055 1402 lilium
1089 1337 1195 1421 patris,
1230 1343 1260 1401 ct

131 1443 328 1527 presbyteros
357 1450 389 1505 ut
418 1447 553 1505 senatum
578 1441 685 1504 Dolet
711 1444 870 1507 concilium
892 1443 1115 1526 Apostolorum.
1165 1441 1259 1508 ¹Sino

131 1549 178 1613 lais
209 1547 338 1613 ecclesia
368 1564 427 1611 non
458 1552 593 1611 vocatur.
638 1546 684 1609 De
714 1546 760 1610 his
792 1567 848 1613 vos
878 1549 916 1612 ita
948 1549 1061 1611 sentire
1083 1565 1259 1630 persuasum

131 1652 238 1716 habeo.
290 1649 450 1733 Exemplar
481 1652 560 1713 enim
589 1649 739 1714 charitatis
768 1660 888 1716 vestrae
918 1654 1021 1735 accepi
1054 1659 1084 1716 et
1114 1648 1259 1716 ¹mecum

129 1758 230 1822 habeo
253 1758 281 1820 in
305 1757 449 1838 episcopo
473 1762 593 1832 vestro;
625 1756 711 1838 cujus
743 1757 808 1839 ipse
831 1757 947 1821 habitus
973 1775 1081 1841 magna
1104 1755 1259 1838 disciplina

131 1869 189 1940 est,
211 1860 410 1924 mansuetudo
426 1877 501 1923 vero
522 1861 588 1943 ejus
605 1862 737 1942 potentia
743 1882 754 1939 ;
779 1881 877 1945 quem,
900 1870 932 1927 ut
955 1864 1104 1942 existimo,
1128 1868 1158 1924 et
1180 1862 1259 1943 impii

132 1966 188 2048 ipsi
212 1972 408 2045 reverentur,
441 1964 547 2046 quibus
571 1965 658 2026 etiam
688 1965 802 2047 placet,
836 1965 945 2050 ³quod
977 1985 1036 2051 ego
1070 1963 1168 2030 *mihi
1197 1983 1258 2029 non

130 2089 261 2154 parcam.
298 2070 384 2147 Num,
407 2088 496 2151 quum
520 2068 575 2131 hac
599 2068 636 2131 de
660 2087 695 2133 re
717 2073 852 2134 scribere
872 2074 940 2135 milri
956 2072 1081 2150 licuerit,
1105 2073 1134 2133 in
1152 2077 1258 2134 tantam

130 2178 189 2239 mei
216 2173 491 2240 ‘existimationem
516 2174 641 2253 deveni,
673 2179 722 2255 ut,
754 2177 889 2258 quamvis
912 2174 1145 2256 condemnatus,
1175 2175 1260 2238 velut

131 2281 296 2364 Apostolus
321 2280 407 2345 vobis
429 2279 663 2364 praeciperem?

264 2474 311 2538 w.
356 2472 540 2536 Humilitate
563 2481 593 2536 et
613 2473 855 2537 mansuetudine
875 2471 949 2536 milti
971 2491 1051 2553 opus
1074 2481 1128 2537 eat.

235 2594 355 2661 ‘llulta
378 2596 462 2678 sapio
485 2596 515 2659 in
538 2595 623 2673 Deo;
654 2596 709 2660 sed
731 2596 802 2660 mihi
824 2597 880 2678 ipsi
903 2595 1022 2660 modum
1045 2594 1190 2676 adhibeo,
1219 2613 1259 2660 nc

130 2702 289 2788 gloriando
320 2720 450 2784 peream.
494 2700 580 2765 Nunc
610 2702 687 2765 enim
716 2702 785 2785 plus
817 2702 886 2765 mihi
917 2700 1076 2766 timendum
1108 2709 1171 2782 est,
1201 2720 1259 2766 nec

130 2825 220 2871 aures
250 2806 307 2869 illis
338 2812 406 2869 sunt
435 2804 643 2889 praebendae,
678 2807 728 2888 qui
758 2825 806 2870 me
835 2806 946 2870 indunt
992 2800 1076 2881 'Qui
1105 2807 1183 2870 enim
1210 2824 1258 2870 me

130 2910 261 2990 laudant,
284 2911 433 2997 llagellnnt
455 2929 512 2973 me.
558 2910 630 2973 Nam
656 2908 747 2994 diligo
772 2910 890 2991 quidem
914 2912 988 2992 pati;
1011 2908 1065 2973 scd
1082 2912 1196 2990 nescio,
1220 2928 1257 2972 an

131 3018 242 3100 dignus
263 3018 327 3079 sim.
373 3011 592 3080 ⁸llelrementia
616 3017 694 3078 enim
717 3033 783 3078 mea
799 3015 896 3078 multis
912 3013 1030 3095 quidem
1048 3031 1107 3077 non
1124 3019 1257 3095 apparet,

130 3141 178 3184 me
201 3138 279 3184 vero
301 3121 400 3184 acrius
422 3121 582 3204 impugnat
628 3120 712 3202 Opus
730 3121 831 3201 itaque
849 3120 918 3183 mihi
939 3117 1175 3197 mansuetudine,
1199 3136 1257 3199 qua

131 3228 273 3310 princeps
295 3225 390 3289 seculi
414 3225 501 3308 hujus
524 3225 694 3289 destruitur.

307 3416 341 3479 ll.
388 3415 458 3480 Non
479 3415 627 3480 sublimes
649 3417 811 3480 doctrinas
834 3416 924 3481 vobis
946 3416 1078 3479 trudam.

220 3534 397 3620 ⁹Numquid
419 3555 480 3601 non
502 3557 624 3622 possum
647 3538 790 3603 coelestia
823 3532 847 3575 ¹⁰
861 3539 947 3601 vobis
969 3537 1131 3603 scribere?
1180 3534 1202 3573 ¹¹
1218 3535 1258 3600 At

130 3656 246 3725 φιίδομαι
269 3656 445 3725 συντονώτερον
467 3656 576 3725 γρᾰφειν,
602 3656 679 3709 δυνά·
708 3658 797 3727 capitia
823 3658 900 3710 tertii.
947 3657 1041 3710 Sensus
1067 3664 1122 3710 est:
1149 3672 1203 3710 noa
1227 3658 1258 3709 iat

131 3740 679 3811 111νὸ11111τῦτο(ὦςᾳῗὴθην),ἲνακ.τ.1.
708 3755 806 3799 tantm
830 3747 882 3798 nei
904 3746 1127 3798 existimationem
1154 3743 1256 3809 haeai,

131 3835 149 3885 i.
167 3848 192 3884 c.
220 3835 342 3901 quonian
368 3849 419 3887 voa
445 3849 520 3897 ano,
551 3835 678 3900 abstineo,
707 3842 736 3887 ut
761 3834 837 3887 notia
863 3832 934 3884 volut
957 3832 1101 3900 Apostolus
1126 3831 1259 3897 inpos-m

130 3918 259 3973 marius
288 3920 367 3973 nolu
391 3922 524 3987 eonem,
556 3924 679 3989 qumvis
706 3921 794 3974 velim·
829 3916 1258 3984 pumatnmtctsttoe

130 4006 177 4070 id,
195 4013 454 4075 umquem.
706 4008 830 4074 sapiam
860 4006 926 4056 niti
952 4005 1010 4071 ipsi
1037 4010 1124 4055 um
1152 4000 1258 4054 nom

166 4092 197 4160 1)
216 4090 274 4161 tq.
292 4090 405 4154 ἔμαννοῠ.
430 4090 482 4145 Cir.
494 4108 570 4160 supra
584 4109 609 4161 p.
622 4091 679 4146 188.
708 4092 823 4155 altiles,
841 4105 874 4143 ne
893 4090 952 4156 ipsa
968 4089 1108 4158 ,tomento
1123 4101 1237 4154 peren.

131 4178 201 4233 nto
239 4178 381 4232 Genitivum
406 4180 521 4248 reposuit
544 4181 679 4234 Andrisco.
742 4178 772 4245 ’1)
790 4176 867 4229 linita
886 4174 1004 4240 conjicit:
1024 4172 1055 4223 ot
1071 4168 1130 4221 naid
1142 4172 1257 4237 λε’γοννες.

131 4266 177 4320 lle.
196 4262 291 4318 ἔαυτόν.
327 4265 435 4319 Sensum
461 4267 559 4333 poponi
578 4279 680 4333 quoqne
709 4266 826 4318 vtem
843 4261 859 4313 l.
879 4276 902 4312 c.
920 4276 945 4326 p.
958 4258 993 4310 23
1011 4266 1038 4311 et
1054 4261 1142 4314 Smttlt
1158 4263 1256 4325 putant,

131 4351 680 4420 muntnnclrristlanorummmesm,
707 4348 829 4418 lpnatinm
855 4346 935 4399 verbs
962 4344 1036 4412 hujus
1059 4344 1129 4398 modi
1152 4340 1258 4407 ..μάρτυς

131 4440 244 4494 hadent
708 4434 780 4498 tnp‘,
805 4432 897 4503 quibus
924 4433 979 4501 ipsa
1003 4430 1108 4483 loraitsn
1135 4428 1256 4481 saluum

166 4528 197 4592 5)
222 4526 251 4579 lu
277 4527 397 4579 venicus
422 4524 495 4578 verbi
521 4519 603 4591 φ’νὶθην
630 4539 680 4576 non
707 4521 802 4586 inerit,
820 4521 971 4582 reticuisse,
991 4533 1023 4569 cx
1040 4515 1174 4569 modestia.

132 4615 282 4680 Amdtiam,
314 4612 360 4667 sed
387 4609 552 4665 Peamnium
579 4618 681 4664 secutus
743 4610 773 4676 8)
793 4608 844 4661 Cir.
863 4610 962 4673 dicits,
982 4602 1041 4655 Aul.
1059 4619 1085 4669 p.
1105 4600 1164 4653 721.

132 4717 194 4755 tm
742 4695 771 4760 9)
790 4692 841 4746 Cir.
866 4707 932 4762 quas
952 4706 1028 4759 snpra
1047 4687 1079 4740 ad
1097 4685 1255 4754 prooemium

166 4788 196 4852 a)
214 4787 313 4841 luittnn
331 4786 421 4856 eapitis
440 4786 538 4855 quarti,
567 4781 636 4852 qnod
655 4784 680 4834 ln
708 4781 835 4850 epistolae
851 4778 885 4830 ad
904 4776 1043 4830 Trallianos
1061 4774 1213 4826 monuimus.

132 4877 252 4929 cassinus
269 4874 375 4942 Syriaca
393 4871 518 4941 epistolas
535 4870 568 4922 sd
583 4868 680 4922 lloma·
727 4868 774 4936 10)
790 4862 863 4929 Ὑμῖν
881 4879 912 4916 ex
931 4863 988 4916 let.
1006 4861 1069 4925 lut,
1093 4873 1125 4910 cx
1142 4854 1208 4923 Syro
1226 4862 1255 4907 at

132 4978 178 5016 uos
195 4961 316 5030 adinum
334 4969 374 5015 cst
391 4958 482 5029 (Corp.
495 4957 575 5027 lgent.
588 4972 614 5026 p.
625 4956 681 5026 tl),
708 4970 741 5007 ex
758 4951 943 5019 lutarpnlstore
961 4945 1145 5001 restituendum
1163 4950 1211 4996 eat.

134 5052 277 5107 mum
300 5062 369 5102 nexu
392 5046 521 5101 -noluasrct
546 5059 604 5097 cnm
632 5043 682 5096 dus
728 5037 846 5109 11)(311.
864 5035 947 5090 litor.
966 5034 992 5101 3,
1013 5030 1078 5087 l.2
