3067 6450
531 1173 753 1229 tctssuutttts
774 1177 818 1228 bu
836 1176 911 1232 cott.
926 1175 971 1231 Vl.
991 1178 1043 1231 Vll.

432 1422 479 1484 Vl.
516 1422 726 1486 continuatio.
761 1423 868 1488 Plutus
892 1427 949 1487 olii
973 1435 1136 1508 martyres.

308 1543 390 1605 Viris
412 1544 476 1607 istis
500 1551 603 1608 sancte
627 1546 714 1607 vitum
732 1547 948 1610 instituentibus
965 1567 1070 1631 magna
1087 1551 1250 1614 electorum
1266 1553 1347 1616 ruul-'

221 1647 317 1711 titudo
340 1654 505 1731 aggregata
529 1655 592 1725 est,
620 1650 670 1731 qui
699 1648 865 1732 ¹supplicia
889 1653 976 1715 multa
1001 1659 1029 1714 et
1053 1661 1197 1718 tormento
1221 1667 1345 1741 propter

221 1751 319 1814 zelum
342 1753 439 1834 possi,
471 1753 625 1835 exemplar
657 1755 796 1835 optimum
829 1757 982 1818 internos
1007 1758 1176 1822 extiterunt.
1221 1762 1345 1846 Propter

221 1856 318 1920 zelum
349 1858 490 1920 mulieres
519 1859 758 1939 persecutionem
790 1878 915 1939 passae,
948 1858 1135 1925 ⁴²llunaidee
1167 1870 1196 1927 et
1225 1865 1343 1948 Dircne,

221 1970 377 2043 postquam
401 1963 503 2046 gravia
530 1968 558 2023 el
583 1963 710 2026 nefanda
733 1964 875 2046 supplicio
909 1965 1129 2044 sustinuerunt,
1162 1968 1198 2029 ad
1230 1969 1344 2033 firmum

220 2065 288 2127 fidei
312 2085 432 2130 cursum
456 2067 662 2150 pertigerunt,
690 2075 721 2131 el
752 2068 866 2132 debiles
896 2088 1024 2150 corpore
1057 2071 1155 2132 nobile
1180 2075 1342 2153 praemium
1446 2113 1452 2121 κ

220 2178 407 2252 acceperunt.
460 2172 548 2234 Zetus
579 2190 707 2235 uxorum
735 2173 850 2236 animos
883 2194 899 2236 a
931 2174 1040 2236 maritis
1071 2175 1269 2255 abalienavit,
1314 2186 1343 2241 et

220 2273 327 2336 dictum
355 2277 447 2356 petris
471 2276 565 2338 nostri
588 2277 692 2340 Adami
717 2279 854 2342 mutavit:
890 2274 978 2341 ³boc
992 2281 1063 2358 jam
1088 2299 1124 2342 os
1149 2300 1189 2342 ee
1216 2282 1341 2346 ossibus

218 2380 311 2454 meir,
335 2387 367 2440 er
389 2398 465 2443 coro
488 2401 530 2444 es
556 2401 651 2445 corne
672 2402 749 2444 mec.
797 2383 882 2445 Zelus
907 2390 937 2445 et
959 2384 1110 2447 contentio
1134 2386 1225 2447 urbes
1251 2405 1341 2471 mug-

219 2502 269 2547 urs
293 2487 418 2565 evertit,
442 2491 471 2547 el
492 2493 599 2569 gentes
623 2506 798 2550 numerosas
823 2488 953 2552 funditus
977 2485 1125 2552 delevit.l

473 2678 532 2742 vll.
578 2660 764 2743 Adhortotio
788 2681 831 2742 ad
851 2681 1084 2760 poenitentiam.

300 2801 403 2879 llaec,
425 2800 606 2877 charissimi,
630 2820 690 2866 nou
714 2808 844 2881 tontum,
867 2809 898 2864 ut
920 2820 975 2864 vos
999 2801 1088 2866 officii
1121 2805 1212 2867 vestri
1228 2806 1337 2872 admo-

215 2924 347 2987 neamus,
371 2905 537 2984 scribimus,
560 2904 614 2968 sed
639 2908 735 2986 etiam,
759 2915 790 2970 ut
813 2910 967 2989 nosipsos
992 2905 1334 2990 ⁵comm0neleciamus;

213 3011 372 3074 incudem
396 3013 473 3073 enim
496 3029 586 3073 arena
610 3029 775 3089 versamur,
800 3019 830 3073 et
852 3019 1002 3074 certamen
1026 3013 1104 3074 idem
1125 3015 1212 3076 nobis
1236 3015 1335 3098 impo-

211 3116 296 3178 situm
320 3124 377 3178 est.
421 3111 550 3190 ⁶0uare
573 3116 677 3178 inanes
701 3123 730 3177 et
753 3135 844 3179 varias
877 3135 964 3179 curas
993 3117 1212 3197 relinquamus,
1245 3124 1274 3180 et
1297 3118 1334 3182 ed

210 3221 371 3303 gloriosam
395 3227 424 3283 cl
448 3219 648 3284 venerandam
673 3215 821 3284 'sanctae
852 3222 1015 3284 vocationis
1049 3228 1169 3283 nostrae
1194 3217 1331 3284 ⁸lineom

209 3321 347 3410 [metam]
364 3328 526 3389 veniamus.
562 3324 638 3399 Ouid
655 3326 819 3406 pulchrum,
845 3325 914 3406 quid
935 3324 1099 3406 jucundum
1124 3333 1152 3387 et
1178 3334 1332 3407 acceptum

208 3448 308 3493 coram
331 3430 439 3512 opillce
461 3437 565 3494 nostro
589 3432 643 3510 sit,
666 3429 829 3493 videamus.
876 3430 1056 3510 Sanguinem
1081 3428 1187 3491 Cbristi
1213 3432 1331 3493 intentis

207 3536 301 3599 oculis
334 3536 518 3615 intueamur,
550 3542 580 3598 et
610 3555 696 3617 quam
727 3534 878 3616 pretiosus
909 3534 973 3595 Deo
1007 3534 1044 3595 sit
1076 3536 1142 3616 ejus
1170 3528 1331 3618 ⁹sunguis,

206 3642 450 3722 consideremus,
480 3642 530 3725 qui
560 3647 682 3724 pro'pler
705 3645 835 3704 nostram
859 3638 982 3701 salutem
1008 3638 1120 3701 ellusus
1144 3640 1195 3700 toti
1220 3637 1330 3701 mundo

205 3747 408 3828 poenitentiae
424 3748 548 3830 gratiam
564 3746 676 3809 obtulit.
702 3744 901 3807 Recurremus
917 3742 953 3805 ed
969 3762 1075 3807 omues
1088 3741 1187 3805 mundi
1206 3748 1329 3822 aetates,

205 3881 298 3939 Dircen
318 3893 403 3938 eutem
422 3883 454 3935 rb
471 3882 613 3953 Amphione
632 3891 658 3934 et
675 3877 771 3989 testrep
815 3882 843 3944 l)
864 3880 889 3933 Sl
908 3880 967 3932 urbs
986 3879 1139 3944 Jerusalem,
1162 3880 1234 3947 cujus
1253 3878 1329 3932 teuto

204 3974 258 4041 ejus
270 3972 355 4026 Zetho
373 3971 492 4025 eoruibur
511 3972 575 4022 muri
593 3970 676 4022 rabidi
692 3969 752 4021 elli·
780 3969 906 4021 excidium
922 3970 1071 4036 praesertim
1089 3967 1147 4017 rixis
1164 3968 1268 4019 internis
1280 3981 1328 4018 ac·

203 4071 288 4132 getam
314 4060 393 4112 iuiue
413 4058 515 4111 lebuine
534 4057 642 4109 uadunt.
680 4056 752 4108 Aliae
779 4055 918 4107 celeretum
938 4055 1038 4119 tuerat,
1054 4053 1107 4119 jum
1125 4052 1215 4104 luisset
1236 4053 1327 4120 diruta,

202 4150 319 4217 virginee
340 4163 387 4201 reu
412 4146 533 4198 mulieres
558 4143 751 4195 christianorum
779 4140 868 4193 beetur
887 4138 1005 4193 Clemens
1026 4140 1188 4192 novissimum
1207 4147 1234 4190 et
1251 4138 1326 4192 cele·

200 4234 314 4288 turture
326 4241 461 4304 euteqmm
475 4231 633 4285 uecebeutur
644 4234 749 4285 Danai·
778 4225 913 4278 berrimum
931 4228 981 4279 boc
1001 4225 1144 4293 exemplum
1162 4227 1203 4277 vix
1222 4226 1326 4278 silentio

201 4325 298 4377 dener
324 4319 447 4387 supplici·
476 4319 508 4371 ed
536 4318 642 4370 crudete
668 4316 751 4385 plebis
777 4316 957 4381 praeteritum.
979 4312 1325 4366 Ctr.tt'r'rrdr'rcbnrrm.l.e.

201 4404 376 4475 spectaculum
389 4404 484 4470 subire,
498 4403 750 4474 Terteriquepoeum
777 4419 802 4469 p.
823 4402 864 4452 54.

201 4501 400 4561 repraesentare
423 4491 566 4555 debebunt,
592 4500 618 4543 et
634 4493 671 4542 sio
690 4499 750 4541 ente
812 4490 841 4548 5)
854 4486 899 4538 llis.
909 4483 1106 4549 ὑπομνὴσκοντες.
1122 4483 1234 4552 Simplex
1244 4486 1325 4537 terme

201 4593 292 4631 necem
322 4579 402 4645 ipram
433 4576 527 4631 diutim
555 4586 583 4629 ‘et
614 4577 749 4630 multifarie
777 4571 922 4637 daopmjonm
931 4574 1005 4626 etium
1015 4572 1080 4639 opud
1090 4570 1218 4637 Orpheum
1227 4571 1323 4637 thymo.

200 4665 389 4718 «celebretur.
417 4663 550 4731 Ejusmodi
562 4672 685 4731 martyres
698 4679 748 4715 no·
777 4661 820 4727 tr,
839 4660 863 4712 6.
884 4661 925 4713 ed.
945 4660 1029 4712 llerm.
1049 4675 1074 4726 p.
1095 4656 1159 4724 3⁴5)
1179 4658 1298 4707 occurrit.

201 4753 267 4804 uim
287 4754 472 4807 uanam
490 4759 517 4803 et
536 4754 635 4806 Itis-ees
658 4759 711 4802 tum
735 4767 748 4802 ι
811 4748 840 4815 6)
858 4747 929 4798 llaec
947 4747 1036 4798 recitat
1054 4743 1208 4809 Polycarpur
1228 4758 1251 4793 c.
1270 4741 1295 4790 7.

200 4837 382 4891 lideliburture
394 4854 409 4889 r
421 4839 527 4907 peprms
539 4838 669 4907 insigniter
682 4853 749 4901 esse,
811 4835 840 4901 7)
853 4832 968 4885 blilliurl.
980 4828 1321 4898 1[stmt]mw.·=teprtmt.
1410 4855 1413 4861 ·

202 4923 319 4977 dubitare
337 4927 381 4977 vix
398 4939 541 4993 possumus.
811 4919 841 4987 8)
860 4919 911 4971 Ctr.
926 4919 959 4971 de
974 4918 1059 4969 Wette
1075 4915 1107 4967 ed
1120 4912 1142 4965 ll
1153 4914 1209 4967 Cor.
1224 4911 1321 4980 10,13.

234 5010 264 5078 3)
283 5011 348 5065 (len.
367 5011 395 5079 2,
412 5009 455 5063 23.
810 5007 840 5074 9)
858 5008 938 5073 Ilurpt
957 5009 1054 5056 Buxrx.
