3067 6450
387 1193 406 1246 1.
427 1190 610 1249 cununnrrs
628 1192 673 1245 no
693 1191 767 1247 con.
785 1190 932 1249 xtuxrr.
950 1193 1002 1248 nv.
1214 1199 1256 1264 ⁷3

135 1373 227 1438 quos,
251 1355 429 1436 nequitatem
453 1363 484 1418 et
505 1356 757 1439 longanimitatem
781 1357 912 1437 docens,
943 1359 1084 1441 loquutus
1108 1367 1163 1422 est.
1209 1361 1258 1424 Sic

135 1461 212 1523 enim
235 1458 325 1522 dixit:
352 1457 575 1536 ¹miseremiui,
598 1470 632 1523 ut
653 1462 905 1525 misericordiam
928 1465 1184 1544 consequamini,-
1206 1466 1258 1526 di-

134 1565 254 1640 mittite,
277 1573 313 1626 ut
327 1564 416 1628 vobis
432 1566 625 1639 dimittentem·
646 1574 743 1646 prout
763 1566 885 1644 fucitis,
909 1569 954 1629 ito
976 1567 1063 1630 vobis
1083 1570 1156 1648 fieb·
1176 1568 1260 1631 sieut

135 1671 240 1748 dotis,
262 1670 308 1732 itu
329 1669 418 1732 eobis
440 1671 630 1733 retribuetur
639 1691 651 1744 ,·
671 1670 933 1748 sieutjudieotis,
958 1674 1003 1733 itu
1012 1672 1239 1750 judicabimini
1248 1691 1259 1744 ,·

133 1775 217 1836 sieut
239 1774 367 1854 beniqni
382 1776 469 1851 estis,
492 1776 538 1836 ita
554 1774 773 1855 beniqnitntem
789 1776 993 1853 experiemini
999 1796 1011 1848 ,·
1036 1795 1098 1855 qua
1113 1794 1260 1839 nuensura

134 1880 300 1953 metimini,
334 1877 439 1940 eodem
467 1877 558 1942 oobie
586 1881 828 1942 mensurabitur.
874 1879 937 1941 Hoc
969 1888 1130 1962 praecepto
1162 1887 1193 1943 et
1215 1881 1260 1943 bis

135 1984 281 2047 nondntis
301 1983 483 2046 stabiliemus
514 2002 570 2047 nos
601 1986 702 2066 ipsos,
736 1981 797 2046 ²ut
828 1985 857 2046 in
890 1983 1058 2047 obedientie
1089 1991 1260 2047 sanctorum

135 2090 322 2171 eloquiorum
346 2090 423 2170 ejus,
445 2106 512 2151 eum
529 2091 608 2151 omni
625 2089 795 2167 humilitate,
818 2107 939 2170 semper
954 2089 1147 2152 ambutemus.
1184 2089 1262 2150 Dicit

136 2198 213 2258 eninr
237 2195 361 2257 verbum
382 2200 534 2257 sonetum:
557 2190 678 2274 ³super
701 2214 789 2275 quem
804 2194 983 2274 respiciam,
1007 2195 1071 2255 uisi
1086 2213 1182 2272 super
1198 2194 1260 2254 bu·

135 2301 236 2362 mitem
259 2307 290 2362 et
311 2300 446 2380 quietum
468 2310 499 2361 et
521 2307 698 2362 trementem
718 2317 879 2361 sermones
901 2299 1008 2361 meos?

137 2489 210 2554 ΧΠ.
249 2488 350 2571 Manis
372 2492 441 2555 Deo
465 2490 672 2555 obediendum
695 2497 751 2567 est,
777 2510 868 2570 quum
884 2490 1067 2553 auctoribus
1083 2490 1259 2553 reditionis.

223 2610 339 2675 tusum
355 2614 446 2695 igitur
462 2619 492 2675 et
507 2614 586 2696 pium
602 2619 658 2691 est,
675 2614 730 2676 riri
747 2614 865 2691 fraires,
888 2613 953 2676 Deo
970 2616 1068 2694 potius
1085 2612 1261 2676 obedientes

138 2735 193 2781 nos
217 2735 301 2796 esse,
324 2738 412 2800 quom
436 2720 465 2780 in
490 2720 629 2801 superbio
653 2727 682 2782 et
706 2717 883 2781 turbulentia
908 2716 1100 2780 detestandae
1125 2716 1261 2779 aemulo·

139 2821 227 2884 tionis
257 2820 349 2884 duces
382 2830 413 2885 et
441 2832 564 2887 autores
595 2826 689 2907 sequi.
736 2825 949 2886 Detrimentum
981 2824 1059 2885 eninr
1089 2841 1149 2885 non
1183 2823 1261 2899 leve,

139 2927 225 2989 immo
248 2944 323 2990 uero
346 2928 462 3008 grande
483 2928 647 3011 periculum
669 2929 891 3004 sustinebimus,
914 2929 939 2990 si
956 2928 1186 3008 praecipitanter
1202 2944 1262 2988 vo·

138 3030 298 3093 tentatibus
320 3031 470 3095 hominurn
493 3050 550 3095 nos
574 3033 802 3110 tradiderimus,
835 3033 884 3112 qui
917 3030 952 3093 nd
982 3033 1201 3094 contentionem
1233 3036 1261 3092 et

138 3134 304 3197 seditiones
326 3131 517 3214 ‘cottinennu
540 3144 571 3199 ut
587 3154 643 3199 nos
666 3138 703 3199 ab
728 3156 776 3216 eo,
800 3136 879 3218 quod
904 3142 1017 3199 rectum
1033 3142 1062 3196 et
1079 3137 1187 3197 bonurn
1205 3140 1260 3211 est,
1305 3158 1319 3167 -

138 3240 314 3303 ebobienent.
351 3241 476 3325 benigni
492 3260 565 3324 erge
590 3239 695 3324 ⁵ipsos
711 3244 813 3320 simus,
837 3242 1001 3304 seeundum
1025 3237 1260 3301 misericordium

137 3352 165 3408 et
197 3345 387 3408 dutoedinem
419 3347 564 3409 creatoris
587 3349 690 3410 nostri.
736 3349 883 3428 Scriptum
907 3350 953 3406 est
976 3346 1072 3406 enirn:
1104 3339 1260 3420 ⁶beniqui

137 3452 261 3515 iseoioe
284 3460 375 3513 erunt
396 3460 517 3527 terroe,
549 3452 731 3514 innoeentes
761 3452 975 3529 relinquentur
1006 3450 1039 3508 in
1070 3466 1128 3519 eu;
1160 3445 1261 3525 iniqui

135 3575 210 3618 oero
233 3555 521 3618 exterminabuntur
542 3557 582 3619 ab
607 3557 672 3618 itta.
716 3555 755 3617 Et
777 3570 882 3616 rursus
905 3552 993 3614 dicit:
1019 3547 1110 3614 'nidi
1135 3550 1262 3627 impium

135 3660 404 3739 superexaltatum
426 3668 456 3722 et
476 3662 628 3723 elevatum
649 3660 734 3722 sieut
754 3659 868 3721 cedros
891 3655 1007 3717 Liboni
1018 3676 1029 3729 ,·
1044 3665 1091 3736 ⁴et
1115 3653 1261 3730 transivi,

135 3773 164 3826 et
185 3783 277 3842 ecee,
309 3783 374 3827 reon
402 3773 490 3838 erum
521 3775 550 3829 et
570 3767 712 3847 quaesivi
736 3765 838 3827 locum
867 3762 974 3837 iltius,
1008 3769 1037 3821 et
1059 3779 1124 3823 uon
1147 3758 1262 3820 inueni.

137 3868 272 3932 Custodi
293 3870 516 3947 innocentium,
540 3878 570 3932 et
592 3870 665 3931 vide
688 3869 894 3949 aequitatem,
919 3866 1069 3946 quonium
1084 3873 1158 3927 stunt
1181 3859 1262 3924 8η-

136 3974 254 4054 utqutae
276 3973 392 4035 bomini
412 3975 555 4054 pacifico.

137 4162 196 4227 XV.
230 4162 471 4227 Adbuerendum
487 4171 535 4226 est
548 4163 602 4241 iis,
628 4165 682 4244 qui
693 4183 806 4243 pacem
821 4165 938 4239 cotrunt,
963 4181 1026 4224 non
1049 4160 1101 4236 iir,
1126 4160 1179 4239 qui
1196 4178 1264 4220 eum

561 4270 662 4332 coiere
684 4269 839 4330 simulant.

220 4390 448 4456 Adbnereemus
464 4391 564 4472 iteque
586 4391 633 4470 iis,
656 4392 707 4472 qui
729 4409 796 4454 cunr
820 4391 929 4471 pietate
945 4407 1048 4471 pneern
1066 4386 1176 4464 eotunt,
1201 4403 1262 4448 non

139 4594 240 4656 ἕιινωῖς.
265 4598 336 4668 quod
352 4599 502 4667 saepissime
519 4613 566 4666 pro
584 4594 702 4660 a'ttrjion'
747 4599 777 4665 7)
796 4595 835 4648 m.
855 4596 904 4662 36,
924 4592 1035 4646 35-37.
1074 4593 1144 4644 Haeo
1171 4599 1198 4642 st
1217 4606 1262 4642 se-

141 4695 278 4753 nsnrprtur.
305 4691 451 4738 incensor.
487 4684 538 4737 Sed
564 4700 614 4737 nou
636 4686 816 4760 “unquentis
836 4700 917 4752 usque
935 4681 966 4732 rd
988 4681 1083 4731 initium
1102 4676 1263 4730 c.XVl.re-

143 4787 183 4823 rur
198 4782 332 4825 nutemus.
714 4773 777 4838 petit
789 4775 870 4825 Ctem.
885 4773 959 4823 dies.
974 4767 1065 4817 Strorn.
1076 4764 1119 4827 Ν,
1131 4764 1154 4814 5.
1169 4779 1194 4830 p.
1204 4763 1263 4814 577.

173 4857 201 4924 ὅ)
217 4857 295 4912 Prov.
316 4859 343 4924 2,
360 4858 404 4910 21.
423 4858 466 4910 Ἠ.
748 4859 777 4921 8)
797 4857 848 4909 Seu
868 4879 902 4905 =
922 4858 1064 4918 memoria,
1088 4867 1133 4901 seu
1155 4871 1189 4895 =
1208 4866 1263 4919 po-

696 4947 790 4999 retem.
