3067 6450
128 1205 158 1261 8.
177 1202 326 1274 idmst]
568 1153 823 1260 Pnotuuoiroun.
1197 1209 1260 1264 LXV

239 1364 383 1446 donatiuo
398 1381 462 1428 con
474 1362 668 1427 Antiociien.
690 1364 911 1446 Heryeeteiirer
926 1370 993 1431 und
1006 1369 1261 1449 ceroieicdender

246 1471 324 1534 Text
345 1471 401 1530 mit
423 1468 670 1549 Anmerlrrenccee.
715 1468 875 1551 Homdery
897 1471 996 1545 18d7;
1019 1479 1050 1535 et

175 1572 676 1660 2)19naoeeeoeunooeuren
706 1574 772 1636 und
793 1576 879 1637 eeine
900 1576 976 1639 Zeit.
1021 1576 1134 1640 Siederr
1156 1576 1260 1639 Send·

243 1680 404 1744 erhreiden
425 1699 468 1743 on
491 1679 547 1743 Dr.
571 1679 692 1758 Aequor
713 1678 867 1741 Neonder.
912 1678 1193 1760 Hcmdvr918d73

129 1804 170 1849 eo
204 1786 349 1864 consilio,
382 1790 415 1848 ut
447 1783 613 1846 sententiae
643 1780 786 1845 Curetoni
819 1784 898 1846 inter
931 1782 1096 1849 Germanos
1129 1784 1260 1848 asseclas

130 1889 324 1954 conduceret

220 1993 311 2057 Paulo
334 1999 403 2075 post
426 1991 475 2053 Dr.
491 1991 554 2053 Jut
569 1989 663 2053 Henr.
681 1990 876 2068 Polemone,
899 1991 930 2053 in
945 1990 1145 2053 Universitote
1161 1992 1261 2055 Bero-

129 2099 241 2161 iinensi
263 2097 438 2173 Professor,
470 2114 579 2159 novem
609 2095 800 2177 epistolarum
824 2095 853 2157 S.
876 2094 982 2178 Ignatii
1014 2096 1174 2159 editionem
1203 2093 1262 2158 ed·

132 2203 254 2266 ornavit
277 2198 377 2284 (Lips.
404 2197 524 2283 1849);
547 2200 633 2280 cujus
656 2197 876 2262 tundamentum
898 2205 984 2262 vetus
1005 2199 1054 2262 ilio
1074 2206 1139 2262 eret
1160 2201 1262 2263 versio

132 2306 341 2382 Armeniaca,
373 2322 450 2384 quoe
472 2303 578 2367 seculo
601 2304 636 2381 V,
660 2310 691 2366 ut
714 2309 847 2384 putetur,
879 2312 1019 2383 exorate,
1042 2306 1103 2386 jum
1125 2323 1151 2367 ιι.
1178 2302 1262 2371 1ῑ83

133 2409 389 2491 Constantinopoli
412 2410 497 2491 preto
521 2410 685 2489 impresse,
715 2408 771 2471 sed
800 2409 895 2472 adhuc
926 2410 956 2471 in
980 2409 1143 2473 Occidente
1175 2410 1263 2473 valde

132 2514 237 2594 ignote
271 2520 344 2575 erut.
388 2514 602 2576 Peteromnnus
634 2529 699 2573 eom
733 2513 763 2574 in
795 2513 873 2575 notis
903 2512 941 2575 ed
974 2519 1086 2576 textum
1117 2533 1262 2598 graecum

133 2617 270 2697 repetiit,
302 2621 331 2678 et
362 2634 429 2680 cum
460 2617 652 2680 versionibus
674 2616 797 2698 Syriaco
829 2621 860 2678 et
881 2615 991 2679 Latinis
1023 2636 1079 2681 nec
1109 2637 1169 2682 non
1193 2638 1260 2683 com

135 2720 254 2783 Graeco
278 2721 409 2784 contulit.
455 2723 550 2797 Quum
573 2739 609 2785 en
634 2738 694 2783 non
717 2720 813 2783 solum
836 2727 952 2802 septem
980 2721 1043 2785 ilios
1066 2722 1169 2805 ignatii
1192 2726 1261 2805 epi-

133 2824 245 2903 stoies,
276 2841 349 2908 quos
371 2844 428 2889 nos
451 2827 597 2908 genuinos
629 2832 783 2907 putemus,
813 2824 868 2887 sed
900 2831 931 2889 et
960 2843 1016 2889 serr
1046 2827 1119 2890 olins
1150 2847 1263 2910 eosque

133 2932 252 3012 spurios
275 2931 442 2993 contineret
456 2926 497 3014 ¹),
521 2931 731 2994 Petermnonus
752 2930 806 2993 hos
830 2948 936 2994 omnes
958 2934 986 2993 in
1004 2949 1086 2994 sunm
1104 2931 1263 2995 editionem

135 3034 258 3114 recepit,
282 3033 388 3095 additis
412 3052 532 3116 quoque
555 3037 664 3099 ceteris
687 3038 820 3119 epistolis
836 3038 864 3102 S.
882 3038 995 3120 ignatio
1020 3044 1050 3099 et
1072 3039 1263 3101 beatissimae

134 3138 251 3222 Virgini
281 3137 357 3202 irriso
389 3139 555 3222 adscriptis.
601 3143 738 3222 Denique
767 3142 938 3226 martyrium
960 3143 990 3206 S.
1013 3141 1117 3225 Ignatii
1144 3143 1262 3225 odJecit.

137 3243 366 3325 Conrpemtione
399 3250 533 3307 textuum
567 3251 596 3308 et
627 3249 802 3310 versionum
836 3248 882 3309 vir
912 3247 1101 3310 doctissimus
1135 3249 1164 3308 in
1198 3265 1263 3320 earn
1330 3318 1333 3327 Ι

136 3349 313 3411 sententiam
336 3346 480 3410 adductus
503 3356 566 3426 cst,
590 3357 620 3411 ut
644 3351 849 3412 Armeniacum
873 3351 1060 3427 versionem,
1085 3367 1262 3430 quamquem

137 3469 172 3514 en
204 3469 271 3513 cum
302 3457 385 3513 textu
413 3453 527 3515 codicis
550 3452 694 3531 Medicei,
726 3454 751 3515 si
782 3459 874 3513 totum
907 3461 1045 3533 spectes,
1078 3455 1264 3531 conveniret,

136 3575 197 3619 oon
220 3574 261 3618 ex
281 3555 339 3619 hoc
357 3574 470 3638 graeco
492 3564 574 3619 textu
594 3557 649 3620 sed
668 3576 708 3619 ex
725 3557 865 3619 versione
881 3561 984 3618 vetere
1000 3555 1136 3636 Syriaco
1159 3555 1264 3618 iactam

136 3666 353 3743 cognosceret,
378 3660 548 3741 etquidem
572 3680 610 3723 ex
633 3663 680 3724 ilio
704 3663 820 3744 integro
843 3669 873 3723 et
896 3678 956 3723 non
982 3659 1152 3740 decurtato,
1176 3662 1263 3743 cujus

137 3766 291 3844 epitomen
324 3763 491 3828 Curetonus
526 3767 685 3847 publicavit
700 3762 743 3849 ²).
791 3763 850 3844 „si
887 3765 953 3846 quis
987 3780 1141 3845 opponere
1180 3765 1262 3845 velit,

173 3986 201 4049 1)
211 3984 333 4039 Sexietee
342 3988 466 4056 epistoiee
475 3996 544 4041 sont:
557 3990 583 4052 i)
594 3988 687 4041 Mnriee
715 3994 762 4044 dee
772 3984 1036 4054 (Petermwn'tchen)
1048 3989 1181 4041 Bewet'm
1194 3989 1265 4052 eder,

137 4070 301 4125 Ceeuboiitis
327 4075 359 4125 ed
383 4073 523 4143 ignatium,
550 4076 578 4137 2)
598 4074 686 4143 ignatii
715 4081 781 4130 deve
808 4078 923 4127 venetici
950 4077 999 4125 dee
1018 4078 1187 4127 Armeniacus
1214 4090 1266 4128 eree

137 4158 340 4227 conditorium
351 4158 686 4229 Ceeeeboiitenr‚3)ignntii
715 4166 773 4215 stein
789 4163 939 4229 Syriectere
966 4162 1021 4213 noe
1046 4163 1108 4213 eden
1134 4177 1185 4213 erre
1210 4164 1267 4213 dene

137 4244 341 4309 rutenenses,
360 4246 390 4313 ⁴)
409 4246 523 4311 ejusdem
542 4247 574 4298 ed
594 4248 685 4298 Antio·
716 4248 1010 4312 Crateron-Syrium
1045 4250 1191 4311 tendere,
1230 4249 1267 4300 iet

137 4331 250 4395 rhenos,
280 4332 309 4393 5)
334 4333 366 4384 ed
393 4331 522 4384 Heronem
549 4340 575 4384 et
602 4334 630 4396 6)
655 4335 686 4384 ed
715 4337 777 4387 kein
795 4336 978 4401 cerninfliyer
992 4334 1107 4397 Zeeeifet
1124 4335 1267 4401 enutristi„

138 4416 322 4484 Philippenses.
715 4423 789 4471 diere
808 4421 845 4470 iet
863 4420 935 4470 nient
953 4421 1009 4469 eine
1027 4419 1202 4485 Vermeetiruuq
1220 4421 1269 4469 der

173 4505 201 4567 2)
228 4502 305 4555 Pione
328 4504 352 4554 ei
376 4504 402 4555 in
425 4503 474 4556 hec
492 4519 520 4556 re
539 4503 587 4557 hnc
605 4505 687 4557 edeti·
716 4507 926 4558 sedecenkenden
955 4505 1117 4571 Phintonis,
1151 4506 1268 4556 eundern

138 4590 241 4658 poletur
258 4588 285 4639 P.
301 4592 403 4657 Joeepie
416 4593 533 4659 Kales-oi,
551 4590 688 4656 Presbyter
715 4597 773 4645 eine
791 4592 954 4643 eneaeetteden
973 4592 1155 4656 eucnemeekte
1172 4591 1267 4641 Scede

140 4684 165 4725 et
186 4675 324 4725 Moneciurs
343 4676 510 4726 Armeniosne
535 4691 550 4727 ο
574 4692 686 4745 congre·
715 4680 804 4731 Srione
835 4681 911 4744 inune
942 4692 1001 4728 eeer
1031 4677 1072 4726 die
1102 4677 1269 4726 armeniacis

139 4764 242 4827 geticoe
255 4760 424 4811 celeberrimo
442 4764 688 4816 erecestre-terarum
716 4767 836 4831 Spreede
848 4765 937 4815 dieser
948 4764 1036 4828 Briese
1054 4763 1111 4811 eine
1128 4763 1266 4823 t'erteyeee-

141 4845 271 4908 tiemone,
290 4848 315 4895 in
334 4850 472 4908 sensisses,
489 4845 633 4898 zeitschritr
650 4852 689 4900 tur
716 4853 768 4902 deit
785 4853 833 4917 fier
850 4852 893 4901 dre
904 4851 1086 4899 armeniacieeu
1100 4845 1268 4910 i'iriioioqenr

142 4930 234 4982 kethoi.
251 4929 376 4999 theolog.
397 4932 472 4981 rest.
491 4950 516 5000 p.
535 4932 596 4998 319,
620 4937 687 4990 etri·
716 4936 838 4988 decedenti
851 4951 909 4985 rerer
921 4950 950 4985 ee
967 4935 1015 5000 (sir
1027 4935 1068 4982 eie
1081 4946 1126 4980 une
1140 4946 1171 4980 eo
1184 4930 1267 4980 rider-

143 5015 215 5072 beoe:
232 5019 287 5090 „iu
300 5017 403 5094 Berreff
411 5020 689 5093 deesctwerpuettee
715 5022 893 5087 recesentur,
919 5018 961 5069 ao
980 5019 1139 5073 Puerum
1156 5017 1203 5067 erit
1220 5016 1268 5072 der
1307 5039 1309 5044 ¹
