3067 6450
203 1170 230 1226 s.
249 1169 395 1241 renam]
566 1143 570 1150 ’
639 1168 894 1227 rauracorum.
1277 1180 1330 1235 aur

203 1337 362 1415 ponentes,
384 1349 443 1396 uon
467 1331 524 1392 nisi
546 1331 629 1393 initio
651 1332 744 1395 seculi
766 1330 818 1394 plot
838 1333 964 1398 adscribi
989 1344 1124 1416 possunt,
1153 1339 1329 1419 praesertim

204 1437 388 1518 temporibus
412 1435 559 1516 Corinthi,
589 1437 638 1517 qui
669 1438 756 1499 simili
789 1439 915 1518 quodam
944 1440 1033 1504 modo
1066 1441 1212 1523 duplicem
1241 1445 1328 1507 istum

203 1559 340 1604 errorem
362 1541 391 1602 in
414 1546 574 1622 systemate
597 1559 653 1604 suo
676 1543 779 1603 tenuit
824 1541 887 1606 Jam
910 1545 989 1607 circu
1012 1545 1139 1607 medium
1160 1546 1254 1608 seculi
1277 1545 1329 1609 lldi

203 1644 351 1708 elementa
374 1644 421 1707 illa
446 1643 602 1725 disparata,
627 1644 814 1709 Docetismus
838 1655 868 1709 et
890 1647 1076 1727 Judaisnms,
1102 1651 1187 1712 etiarn
1210 1651 1329 1713 extrin-

202 1768 292 1815 secus
317 1748 463 1831 disjuncta
487 1754 517 1811 et
539 1750 662 1812 alterum
685 1750 721 1812 ub
745 1751 840 1813 altero
872 1751 1089 1815 haereticorum
1114 1773 1229 1836 genere
1252 1773 1328 1835 pro-

200 1847 365 1939 pugnatum
397 1858 468 1917 erat.
514 1852 657 1915 Basilides
680 1874 706 1916 c.
730 1875 759 1937 g.
791 1862 821 1916 et
842 1855 974 1919 Marcion
1005 1859 1082 1919 inter
1110 1857 1268 1921 Gnosticos
1298 1865 1330 1920 et

202 1961 334 2023 Docetas
357 1958 478 2020 coaevis
500 1954 641 2019 ludaistis
672 1959 780 2019 acriter
811 1960 1001 2023 resistebant.
1046 1960 1136 2022 lmrno
1169 1960 1328 2024 divortium

202 2064 322 2127 illoruru
348 2061 412 2168 'duo
444 2060 676 2140 elementorum,
708 2079 786 2141 quae
817 2063 846 2124 in
871 2062 1013 2126 Cerintho
1043 2063 1140 2126 adhuc
1169 2067 1328 2147 conjuncta

201 2171 357 2250 apparent,
376 2166 438 2248 jain
462 2165 491 2226 in
515 2165 673 2226 haereticis
692 2164 882 2245 epistolarum
901 2173 1067 2230 nostrarum
1084 2167 1194 2231 initium
1210 2170 1329 2248 cepisse

202 2273 330 2337 videtur.
368 2269 530 2349 Utrumque
552 2267 756 2331 Cerinthiacae
780 2269 944 2332 haereseos
968 2271 1146 2334 elementum
1169 2274 1330 2334 seruabant
1395 2324 1398 2331 .

201 2375 348 2460 llagnesii
377 2379 407 2436 et
435 2372 713 2454 Philadelpheuses,
744 2391 811 2435 cunr
841 2373 1039 2438 Gnosticismo
1070 2394 1126 2438 seu
1155 2377 1327 2440 Docetismo

201 2484 299 2546 minus
331 2476 451 2541 exculto
481 2475 664 2539 ludaismum
695 2479 915 2561 conjungentes
945 2476 1019 2561 (cir.
1051 2479 1088 2542 ad
1117 2480 1216 2562 Magn.
1248 2500 1273 2543 c.
1297 2476 1327 2543 9.

201 2586 239 2649 ad
256 2582 364 2647 Philad.
381 2600 406 2644 c.
420 2578 478 2664 6);
503 2581 656 2662 Smyrnaei
679 2598 753 2643 vero
778 2600 813 2644 ae
835 2582 983 2661 Tralliani,
1007 2601 1115 2666 graeca
1139 2584 1326 2665 philosophia
1386 2561 1391 2568 ’

201 2689 298 2772 magis
321 2687 436 2764 imbuti,
458 2685 597 2776 haeresin
622 2684 838 2747 Cerinthiacam
861 2686 937 2749 adeo
960 2687 1199 2768 perpoliverant‚
1223 2694 1255 2750 ut
1271 2688 1326 2768 ju-

202 2795 290 2858 daico
320 2791 370 2854 illo
401 2790 549 2853 elemento
579 2790 702 2868 relicto,
734 2790 885 2872 gnosticas
909 2790 1004 2852 solum
1028 2792 1202 2871 opiniones,
1233 2792 1325 2872 ipsius

202 2897 336 2962 Cerinthi
360 2893 479 2958 modum
502 2899 678 2974 superantes
701 2893 850 2973 lucerent,
874 2912 934 2976 quo
958 2894 1074 2974 lactum,
1099 2902 1130 2956 ut
1144 2894 1275 2978 ignatius
1296 2896 1326 2957 in

202 3001 339 3084 epistolis
362 2998 400 3062 ad
422 2999 622 3081 smyrnaeos,
654 2997 865 3080 Polycarpum,
899 2997 1063 3061 Trallianos
1087 2996 1136 3081 (et
1158 2994 1325 3082 Ephesios)
1384 3069 1387 3073 ¹

201 3106 407 3169 Ducetismum
429 3103 525 3165 solum
549 3103 776 3185 impugnaverit.
820 3101 867 3164 Ex
896 3102 981 3164 dictis
1011 3103 1124 3182 elucet,
1155 3102 1325 3167 haereticos

201 3214 232 3277 in
257 3209 390 3293 epistolis
412 3207 522 3272 uostris
546 3194 671 3286 obvios,
697 3206 801 3269 mediis
823 3207 899 3269 inter
922 3205 1092 3270 Cerinthum
1116 3214 1146 3270 et
1168 3207 1325 3270 Basilidem

200 3316 385 3398 temporibus
409 3312 454 3395 (a.
476 3308 647 3394 90-130)
671 3310 870 3395 assignandos
894 3329 972 3388 esse,
997 3310 1077 3392 quod
1101 3330 1167 3374 cum
1191 3319 1326 3392 tempore

200 3420 334 3501 martyrii
350 3419 379 3482 S.
396 3417 500 3499 ignatii
520 3418 594 3479 mire
616 3414 786 3479 concordat.
826 3414 885 3476 Cir.
900 3402 1107 3477 Drtsterdieclr
1122 3411 1159 3496 (l.
1176 3433 1201 3476 c.
1218 3433 1246 3495 p.
1263 3410 1325 3498 55)

201 3532 232 3588 et
267 3523 406 3585 Uiridorn
440 3519 478 3603 (l.
509 3538 535 3581 c.
569 3538 597 3599 p.
620 3514 684 3582 295
708 3514 804 3600 sqq.)
855 3518 945 3579 Plane
978 3517 1056 3578 idem
1090 3523 1205 3598 tempus
1239 3518 1327 3580 etiam

201 3628 391 3711 Hegesippus
414 3624 500 3687 nobis
519 3623 706 3685 statuendum
721 3620 827 3684 suadet
841 3621 871 3683 iu
888 3619 1056 3702 fragmento
1073 3620 1150 3703 apud
1166 3621 1326 3684 Eusebium

202 3728 326 3815 (histor.
350 3728 422 3792 ecel.
445 3727 498 3807 lll,
522 3724 584 3810 32)
609 3726 730 3789 dicens:
763 3724 832 3788 inde
860 3725 1041 3806 temporibus
1066 3726 1198 3808 martyrii
1222 3725 1251 3789 S.
1274 3725 1326 3789 st·
1396 3721 1400 3735 “

201 3837 336 3914 meonis,
368 3833 502 3915 episcopi
525 3831 783 3913 Hierosolymitaoi
807 3828 848 3913 (†
871 3848 896 3891 a.
924 3826 1023 3911 108),
1055 3829 1223 3892 haereticos
1247 3825 1326 3912 (Ju-

201 3936 333 4022 daistas)
356 3943 443 4001 antea
460 3937 555 4018 magis
570 3936 601 3998 in
616 3935 734 3999 occulto
751 3940 918 4016 serpentes,
943 3934 1038 4017 palam
1054 3932 1209 4015 prodiisse.
1244 3930 1325 4017 (Cir.

203 4045 362 4121 ditiora,
394 4042 413 4104 l.
437 4060 462 4103 c.
489 4060 518 4122 p.
542 4036 636 4122 292.)
679 4040 835 4120 Denique,
865 4037 1034 4099 haereticos
1064 4042 1186 4099 nostros
1217 4053 1276 4099 non
1308 4054 1326 4099 e

200 4165 328 4215 numero
353 4146 569 4227 posteriorum
591 4142 801 4206 Gnosticorum
825 4141 936 4220 luisse,
969 4140 1048 4202 clare
1071 4159 1110 4202 ex
1133 4157 1170 4202 eo
1193 4145 1326 4220 apparet,

201 4252 283 4336 quod
307 4251 455 4334 lgnatius,
478 4255 606 4330 excepto
628 4249 816 4324 Docetisrno‚
840 4253 958 4307 ceteros
982 4244 1181 4325 posteriorum
1202 4242 1326 4307 Gnosti-

202 4374 306 4421 corum
329 4370 452 4417 errores
475 4371 513 4415 ne
536 4353 655 4415 minime
677 4351 796 4434 quidem
820 4350 913 4431 tangit
932 4346 969 4432 ¹).

288 4456 330 4544 8)
353 4458 466 4540 Negari
489 4457 618 4539 denique
640 4476 700 4520 nou
723 4462 840 4537 potest,
869 4451 1020 4517 nonnullis
1043 4449 1184 4531 epistolas
1207 4454 1325 4511 nostras

202 4583 262 4629 ooo
285 4581 328 4627 ex
349 4562 479 4640 criticis,
511 4560 567 4625 sed
590 4581 630 4624 ex
653 4561 828 4645 dogmaticis
858 4565 969 4622 tanturn
999 4555 1096 4617 causis
1127 4553 1324 4635 displicuisse.

203 4670 391 4749 Quicumque
414 4667 492 4729 enim
515 4671 565 4730 aut
586 4666 714 4729 diuinam
731 4666 919 4747 episcopatus
935 4662 1158 4737 institutionem,
1181 4662 1229 4719 aut
1245 4656 1325 4717 divi-

203 4777 322 4837 nitatem
346 4770 473 4849 curisti,
504 4776 553 4833 aut
576 4770 686 4833 realem
709 4771 829 4833 Domini
859 4770 889 4831 iu
920 4765 1097 4830 eucharistia
1128 4760 1325 4844 praesentiam

239 4994 265 5065 l)
283 4990 340 5046 (tir.
358 4995 468 5061 datter,
486 4995 503 5047 l.
523 5010 546 5049 o.
565 5010 590 5063 p.
609 4994 644 5046 ⁴2
663 5002 689 5047 ct
706 4995 897 5057 ttrieterdr'eclr,
916 4992 933 5044 l
953 5006 975 5043 c.

1236 5163 1445 5313 fl*
