3067 6450
485 1210 645 1267 uttstottt
663 1211 708 1265 AD
728 1209 990 1266 stannatum.
1008 1211 1039 1265 X.
1259 1215 1324 1282 315

193 1374 316 1453 babuit,
339 1392 439 1454 neque
461 1375 584 1456 rejecit,
614 1391 714 1454 neque
736 1373 931 1454 improbitatis
958 1380 1080 1437 nostrae
1102 1392 1264 1438 memorem
1288 1393 1324 1439 se

195 1478 345 1557 ostendit,
375 1478 430 1540 sed
460 1480 607 1560 patienter
629 1495 702 1539 *eam
733 1478 797 1539 tulit
824 1495 859 1539 ae
889 1480 1045 1560 sustinuit,
1081 1479 1170 1562 ¹ipse
1200 1488 1324 1561 peccata
1390 1547 1392 1550 ,

193 1591 299 1647 nostra
322 1585 471 1665 suscepit3
502 1580 678 1664 ²proprium
702 1583 766 1664 ipse
789 1582 877 1644 lilium
901 1585 1027 1664 prelium
1048 1585 1244 1647 redemtionis
1268 1603 1323 1666 pro

192 1689 286 1752 nobis
317 1687 413 1767 dedit,
448 1696 580 1751 sanctum
611 1706 667 1769 pro
698 1688 826 1768 iniquis,
862 1688 928 1750 mali
958 1695 1112 1771 expertem
1143 1708 1198 1772 pro
1230 1690 1323 1769 malis,

189 1795 306 1878 justum
329 1812 385 1875 pro
408 1795 536 1877 injustis,
559 1793 813 1876 incorruptibilem
837 1811 893 1874 pro
917 1795 1173 1874 corruptibilibus,
1198 1795 1323 1857 immor-

192 1897 285 1961 talem
314 1917 369 1980 pro
398 1900 582 1961 mortalibus.
628 1898 704 1972 Ouid
736 1900 814 1961 enim
846 1898 924 1961 aliud
954 1905 1075 1981 peccata
1104 1906 1205 1961 nostra
1228 1901 1324 1981 potuit

193 1998 343 2086 ’tegerm
374 2022 461 2084 quam
493 2005 558 2085 ejus
586 2003 726 2085 justitia?
771 2004 802 2067 ln
827 2022 887 2085 quo
910 2004 968 2066 alio
991 2022 1047 2066 nos
1074 2004 1165 2084 iniqui
1190 2010 1219 2065 et
1242 2004 1323 2085 impii

187 2107 348 2191 justificari
378 2125 554 2191 possumus,
587 2126 674 2189 quam
707 2108 735 2169 ln
759 2109 825 2171 solo
849 2109 908 2170 talio
933 2108 1012 2170 Dei?
1058 2107 1222 2170 Odutcem
1247 2126 1322 2188 per-

191 2214 404 2291 mutationem,
426 2232 445 2276 o
469 2213 772 2296 impervestigabilcm
793 2214 1023 2290 institutionem,
1052 2231 1071 2276 o
1094 2213 1237 2276 beneficia
1262 2231 1322 2274 ex-

191 2319 409 2399 spectationem
434 2335 552 2380 omnem
574 2318 761 2398 superantia:
793 2324 826 2381 nt
855 2319 994 2398 iniquitas
1023 2318 1141 2398 quidem
1164 2317 1321 2380 mullorum
1378 2304 1382 2314 ⁸

190 2422 225 2484 in
249 2438 309 2483 uno
328 2422 411 2503 justo
434 2420 652 2499 abscondatur,
678 2421 793 2503 justitia
825 2427 922 2484 aulem
951 2423 1038 2484 unius
1064 2422 1170 2484 multos
1196 2422 1322 2503 injustos

191 2524 350 2606 justificetl
394 2525 490 2601 Quum
514 2527 604 2608 igitur
626 2527 776 2607 superiori
796 2532 933 2608 ,tempore
958 2544 1013 2589 nos
1039 2528 1236 2605 convicisset,
1260 2541 1321 2588 noo

190 2646 287 2712 posse
303 2637 436 2693 naturam
452 2637 582 2693 nostram
599 2634 658 2693 vita
675 2632 773 2714 potiri,
798 2649 877 2694 nunc
893 2638 988 2694 autem
1006 2639 1194 2695 servatorem
1211 2638 1321 2694 oslen-

191 2733 297 2814 disset,
320 2736 369 2816 qui
392 2754 516 2798 servare
539 2742 638 2818 potest
661 2755 696 2799 ea
719 2738 816 2816 etlam,
839 2755 917 2818 quae
939 2739 1055 2800 servari
1078 2755 1138 2800 non
1167 2742 1321 2819 poterant;

189 2856 249 2922 per
278 2846 435 2920 utrumque
465 2841 575 2918 voluit,
606 2857 661 2902 nos
691 2841 866 2923 benignitati
892 2860 965 2905 suae
988 2841 1134 2920 credere,
1165 2844 1321 2923 ipsumque

190 2944 364 3006 existimare
383 2945 568 3022 nutritorem,
584 2951 708 3025 patrem,
729 2948 912 3029 magistmm,
931 2948 1140 3024 consiliarium,
1164 2948 1320 3026 medicum,

189 3049 375 3130 sapientiam,
397 3049 508 3127 lumen,
531 3049 687 3129 bonorem,
710 3051 847 3134 gloriam,
870 3032 973 3131 robur,
993 3053 1100 3127 vilam3
1124 3048 1188 3113 ⁴de
1212 3052 1320 3114 vestitu

190 3158 222 3215 et
244 3153 327 3216 victu
347 3154 492 3217 sollicitos
516 3173 575 3217 non
599 3173 677 3218 esse.

252 3344 289 3407 X
335 3344 461 3420 Quanto
483 3347 567 3409 bonu
588 3346 747 3428 Diogneto
770 3345 915 3426 affluant,
938 3350 967 3412 si
986 3349 1080 3439 fidem,
1097 3348 1262 3427 suscipiat.

281 3468 364 3530 Hanc
394 3469 419 3530 si
452 3474 481 3531 tu
512 3487 633 3550 quoque
656 3466 866 3552 ⁵expcliveris
896 3469 1001 3549 fidem,
1033 3470 1120 3558 etiam
1146 3468 1320 3549 adipisceris

189 3575 317 3656 primum
342 3572 460 3653 quidem
483 3576 664 3657 agnitionem
687 3569 814 3657 ⁶patris.
862 3574 943 3636 Deos
960 3576 1037 3637 enim
1054 3573 1189 3636 homines
1206 3573 1320 3651 dilexit,

189 3683 316 3759 propter
338 3695 413 3758 quos
438 3680 575 3742 mundum
599 3681 728 3758 creavit,
759 3680 866 3761 quibus
890 3680 988 3742 omnia
1011 3680 1157 3761 subjecit,
1189 3678 1319 3759 quaein

192 3776 301 3845 'terra
323 3788 409 3861 sunt,
441 3784 547 3863 quibus
570 3778 763 3864 ⁸ralionem,
797 3786 903 3866 quibus
927 3790 1054 3846 mentem
1078 3781 1177 3859 dedit,
1213 3781 1320 3862 quibos

191 3887 265 3951 sotis
280 3882 420 3949 ⁹sursum
436 3888 472 3950 ad
486 3889 581 3969 ipsum
595 3889 699 3951 oculos
712 3888 850 3951 attollere
863 3888 1007 3967 permisit,
1023 3904 1101 3966 quos
1113 3885 1149 3949 ad
1161 3886 1320 3968 imaginem
1391 3902 1398 3923 ⁸

189 4089 297 4145 beareri
315 4101 399 4145 autem
412 4094 561 4163 apograpbo
574 4101 600 4147 et
611 4096 637 4146 in
651 4096 740 4147 codice
767 4110 804 4143 σοι
822 4094 922 4160 nomia.
948 4092 999 4145 Clr.
1010 4093 1233 4162 Quartalscbripi,
1246 4090 1320 4143 l825.

189 4177 400 4248 Argentoratensi
419 4179 552 4232 evidenter
567 4182 687 4250 scriptum
702 4191 741 4235 est
769 4198 794 4249 p.
814 4182 874 4235 455.

189 4263 304 4328 ποθξσῃς.
333 4270 412 4319 Orro.
803 4269 832 4334 7)
854 4268 890 4320 tta
908 4268 1023 4321 lacunam
1036 4267 1132 4321 codicis
1144 4266 1230 4333 explet
1243 4264 1319 4332 Otto;

223 4353 254 4420 6)
272 4351 309 4403 lta
330 4352 444 4406 lacunam
464 4354 559 4406 codicis
578 4355 741 4425 stephanioni
768 4355 810 4406 alit
830 4354 919 4422 legunt
936 4352 961 4403 ἓν
980 4350 1052 4422 αὐτῷ.

190 4437 303 4506 explerit
326 4442 400 4506 Otto,
431 4442 464 4492 ad
496 4441 571 4494 tidem
602 4443 741 4511 apographi
802 4439 832 4508 8)
850 4440 886 4493 lta
907 4442 1019 4495 codices.
1055 4442 1121 4496 blale
1139 4442 1256 4494 bleranus
1275 4440 1319 4491 λό-

188 4521 336 4576 Beurcriaul
355 4533 381 4577 at
397 4528 491 4580 codicis
506 4529 739 4597 Argentorateosis,
767 4546 821 4595 γιον
840 4527 962 4581 exhibuit.

188 4620 307 4663 vertens:
334 4616 430 4678 „llaat
447 4617 484 4667 dn
502 4620 653 4671 Sebauucbt
671 4621 740 4672 naclt
803 4616 833 4684 9)
850 4615 911 4668 Post
930 4630 1021 4667 vocem
1038 4615 1119 4681 μόνοις
1137 4597 1192 4669 erat
1210 4617 1234 4667 in
1254 4614 1318 4666 disto

184 4699 276 4765 vlettera
296 4701 428 4763 &laertem
454 4718 486 4753 ao
511 4705 589 4756 wirot
613 4705 650 4757 ata
671 4709 740 4758 auct·
768 4702 856 4768 litera,
884 4719 959 4772 quam
981 4702 1124 4771 Stephanus
1145 4706 1319 4754 initiamenta

190 4785 281 4837 &ottae
312 4787 407 4839 Wsasn
438 4790 583 4853 srbsnnen,
615 4792 681 4843 duae
711 4807 740 4843 es
767 4799 840 4858 putat
858 4792 929 4842 vocis
947 4786 997 4838 ἄνω
1015 4798 1059 4841 aut
1080 4786 1166 4845 ἀτενές.
1201 4787 1319 4840 Habebat

187 4873 399 4925 ninliclabr'etc
416 4872 489 4926 sel·“
518 4878 612 4929 usnam
630 4876 739 4944 placuit:
766 4875 817 4925 ἄνω
852 4876 1017 4945 apographon
1054 4874 1166 4926 Beureri,
1214 4879 1317 4925 blrraa.
1388 4931 1397 4956 κ

187 4952 317 5023 intrandas
334 4957 475 5025 astantiam
491 4962 535 5009 roi
553 4959 617 5009 Θεοῦ
633 4960 739 5029 χρηστό-
769 4962 875 5014 Primam
900 4963 998 5015 literam
1019 4964 1090 5013 vocis
1114 4956 1165 5009 ἅνω
1190 4964 1267 5013 etiam
1292 4963 1317 5013 in

188 5044 289 5116 spros];
314 5047 471 5117 Syllurpioa
497 5044 626 5115 lntyromr
651 5045 741 5117 πατρός
767 5049 858 5102 codice
877 5049 1088 5118 Argentorateasi
1106 5047 1202 5108 detexit
1220 5047 1288 5108 orm.

1278 5263 1433 5313 -ι
