3067 6450
278 1171 345 1238 430
491 1162 628 1221 ΗΕΒΜΑΕ
646 1160 781 1217 Pnsron.
818 1159 913 1214 LIBER
931 1159 973 1214 tlt
1010 1158 1136 1215 snum.
1156 1162 1197 1216 lX.

280 1332 392 1395 tentiae
416 1329 544 1408 nuntius,
568 1329 597 1391 in
622 1323 728 1390 eodem
752 1323 906 1408 proposito
927 1342 1113 1405 permanere,
1138 1324 1321 1406 quicumque
1337 1324 1400 1384 estis

279 1433 466 1518 hujusmodi,
496 1452 536 1496 ne
566 1432 735 1495 eradicetur
756 1448 859 1494 semen
882 1437 1014 1491 vostrum
1044 1431 1074 1492 in
1098 1449 1217 1493 aevum.
1266 1429 1403 1493 Dominus

280 1542 357 1605 enim
381 1559 436 1604 vos
460 1539 606 1622 probauit,
630 1544 660 1599 et
682 1535 860 1616 conscripsit
884 1535 912 1596 in
929 1541 1063 1597 nostrum
1079 1555 1249 1615 numerum,
1273 1542 1403 1599 olomuc

279 1663 383 1708 semen
407 1649 538 1707 vestrum
561 1661 628 1705 oum
652 1641 725 1704 Filio
749 1641 805 1703 Dei
835 1638 1015 1718 ¹lrabilabit;
1046 1640 1083 1704 de
1108 1642 1216 1723 spiritu
1242 1643 1322 1704 onim
1345 1644 1405 1725 ejus

280 1752 352 1814 estis
377 1749 510 1813 omues.“

368 1853 457 1917 XXV.
494 1853 558 1933 ,De
582 1856 688 1915 octauo
711 1868 786 1914 vero
805 1857 915 1929 monte,
938 1850 967 1912 in
984 1868 1045 1931 quo
1061 1850 1178 1933 plurimi
1196 1860 1286 1915 eraut
1302 1851 1405 1931 lontes,

280 1962 309 2024 in
335 1962 441 2042 quibus
466 1958 668 2040 adaquabatur
691 1974 780 2019 omne
810 1973 906 2038 genus
937 1962 1093 2018 creaturae
1115 1955 1171 2018 Dei
1180 1977 1191 2033 3
1226 1957 1303 2019 tales
1333 1964 1404 2037 sunt,

282 2067 332 2146 qui
354 2064 545 2128 crediderunt
566 2061 739 2144 Apostolis,
762 2077 839 2141 quos
862 2059 940 2121 misit
963 2058 1106 2122 Dominus
1129 2059 1160 2122 in
1183 2065 1282 2123 totum
1310 2061 1404 2124 orben

280 2171 471 2253 praedicare;
504 2175 534 2232 et
565 2165 682 2249 quidam
712 2166 872 2244 doctores,
902 2163 952 2244 qui
984 2170 1066 2226 caste
1088 2169 1118 2226 el
1141 2163 1264 2228 sincere
1288 2165 1404 2248 praedi-

282 2281 426 2339 caverunt
456 2293 492 2336 ac
524 2271 707 2353 docueruut,
742 2289 800 2333 nec
829 2269 989 2351 quidquam
1022 2271 1141 2333 omnino
1164 2271 1406 2352 subscripserunt

281 2381 375 2444 malae
400 2377 567 2460 cupiditati,
598 2376 652 2440 sed
685 2375 805 2439 assidue
836 2374 1038 2454 inaequitate
1061 2393 1096 2436 ac
1121 2375 1251 2437 ueritate
1275 2374 1404 2438 ambula·

281 2490 396 2551 verunt.
441 2482 477 2544 lli
501 2500 577 2566 ergo
601 2482 678 2544 inter
700 2481 827 2563 angelos
850 2480 1108 2544 conversationem
1131 2478 1275 2543 habent.“

368 2587 470 2650 XXVI.
518 2587 584 2667 ,De
607 2603 687 2649 nono
710 2593 809 2648 autem
833 2591 933 2647 monte
958 2583 1079 2647 desorto
1109 2603 1143 2647 ac
1165 2591 1331 2668 serpentes
1354 2585 1403 2646 ha·

282 2693 387 2755 bente:
411 2690 581 2773 hujusmodi
597 2695 673 2769 sunt,
697 2692 748 2770 qui
764 2688 965 2768 crediderunt,
987 2687 1042 2751 sed
1058 2694 1088 2751 et
1103 2689 1235 2752 maculas
1253 2689 1403 2753 habebant

282 2797 317 2859 lli
341 2802 410 2860 sunt
432 2795 566 2873 ministri,
590 2794 666 2857 male
682 2794 876 2857 ministerium
894 2799 1029 2877 agentes,
1053 2792 1229 2876 diripientes
1255 2794 1405 2858 viduarum

282 2900 359 2964 bona
384 2905 414 2961 et
437 2899 632 2980 pupillorum,
666 2899 740 2978 sibi,
773 2918 834 2963 non
865 2899 928 2961 aliis
951 2918 990 2961 ex
1013 2899 1078 2977 his,
1110 2918 1188 2981 quae
1220 2905 1406 2982 acceperunt,

283 3005 493 3068 ministrantes.
540 3003 593 3083 lli,
623 3004 648 3066 si
678 3004 898 3086 permanserint
928 3003 956 3065 in
980 3002 1083 3066 eadem
1107 3005 1291 3088 cupiditate,
1327 3003 1405 3068 morti

283 3126 318 3172 se
340 3108 534 3187 tradiderunt,
558 3127 615 3172 nec
637 3109 694 3171 ulla
718 3110 775 3171 orit
797 3108 826 3170 in
850 3108 893 3169 eis
917 3126 988 3190 spes
1011 3108 1108 3185 vilae3
1135 3109 1246 3191 quodsi
1270 3107 1405 3173 conversi

285 3214 410 3295 luerint,
440 3221 470 3278 et
501 3219 583 3277 caste
610 3213 883 3278 consummaverint
912 3212 1105 3277 ministerium
1132 3233 1239 3295 suum,
1270 3219 1406 3298 potemnt

284 3322 397 3382 vivere.
443 3318 500 3393 Oui
523 3337 596 3381 uero
620 3319 754 3381 scabrosi
779 3319 891 3398 reperti
916 3324 1001 3396 sunt,
1032 3319 1051 3380 ii
1078 3326 1163 3399 sunt,
1195 3318 1278 3402 ''qui
1303 3338 1406 3384 nomeu

285 3423 402 3486 Domini
426 3423 667 3504 abnegaverunt,
699 3442 754 3486 nec
778 3422 815 3484 ad
839 3422 995 3486 Dominum
1018 3442 1122 3486 rursus
1148 3423 1327 3504 redieruut,
1358 3422 1405 3487 sed

285 3534 422 3610 agrestes
452 3532 613 3589 evaserunt
643 3532 731 3606 atque
763 3526 887 3606 deserti,
918 3547 979 3592 non
1012 3529 1193 3611 applicantes
1225 3548 1261 3593 se
1293 3530 1332 3593 ad
1358 3530 1405 3593 Dei

285 3648 403 3710 servos,
427 3631 480 3694 sed
505 3632 634 3713 separati
657 3631 694 3692 ab
717 3631 772 3711 eis,
795 3650 850 3712 pro
873 3650 964 3713 parva
987 3634 1184 3697 sodicitudine
1213 3635 1307 3699 vitam
1330 3652 1404 3697 suam

284 3736 455 3799 amiserunt.
500 3735 581 3799 Sicut
604 3735 681 3797 enirn
704 3736 773 3797 vitis
796 3735 892 3818 aliqua
915 3735 1056 3801 derelicta
1084 3738 1113 3801 in
1135 3755 1226 3819 sepe,
1258 3740 1310 3802 cui
1333 3737 1404 3801 nulla

284 3841 399 3904 cultura
421 3839 584 3921 contingit,
615 3838 737 3920 disperit
768 3846 797 3902 et
820 3839 982 3903 suffocatur
1004 3843 1040 3903 ab
1067 3841 1185 3921 herbis,
1218 3849 1248 3904 et
1282 3842 1404 3925 agrestis

283 3949 419 4025 tempore
442 3941 570 4004 eflicitur
594 3940 722 4024 (desinit
745 3943 822 4006 onim
847 3943 924 4006 utilis
948 3962 1017 4008 esso
1042 3945 1161 4010 domino
1184 3944 1283 4029 suo),
1315 3947 1360 4009 sic
1380 3950 1404 4007 et

282 4046 452 4131 hujusmodi
474 4045 609 4111 homines
633 4045 671 4109 de
694 4066 728 4109 se
751 4048 825 4128 ipsis
845 4046 1049 4129 desperantes,
1074 4051 1255 4129 exacerbati,
1280 4051 1403 4113 Domino

282 4167 340 4215 suo
362 4150 480 4213 inutiles
504 4170 573 4215 esse
597 4159 771 4233 coeperunt.
818 4148 898 4216 ³llis
928 4174 1003 4238 ergo
1033 4155 1149 4218 demum
1181 4154 1270 4219 datur
1302 4155 1403 4239 poeni-

282 4256 391 4335 tentia,
413 4257 440 4318 si
462 4275 523 4319 non
545 4276 584 4319 ex
606 4257 791 4338 praecordiis
813 4257 925 4321 inventi
948 4258 1058 4322 luerint
1080 4259 1253 4343 denegasse
1261 4280 1271 4335 ;
1304 4256 1403 4342 quodsi

283 4360 350 4440 quis
374 4379 412 4422 ex
435 4360 619 4441 praecordiis
642 4363 779 4425 inventus
803 4360 892 4425 luerit
916 4363 1095 4446 denegasse,
1119 4384 1157 4428 an
1177 4366 1269 4428 uitam
1290 4363 1403 4447 assequi

281 4466 387 4546 possit,
411 4465 529 4549 ignoro.
574 4465 705 4550 ldooque
729 4466 806 4547 dico,
829 4473 861 4529 ut
884 4467 912 4529 in
936 4467 1116 4547 hisdiebus,
1139 4469 1166 4531 si
1187 4471 1257 4550 quis
1280 4470 1403 4553 negarit,

319 4652 347 4720 1)
366 4654 402 4706 lta
423 4653 504 4706 codex
522 4652 609 4717 Dodl.;
631 4668 710 4722 quam
738 4652 831 4704 lectio·
858 4666 1032 4725 negauerunt,
1061 4664 1088 4708 et
1105 4672 1180 4724 supra
1202 4674 1226 4709 c.
1247 4657 1288 4710 ts.
1308 4675 1333 4726 p.
1352 4657 1402 4709 426.

281 4748 342 4792 uem
362 4749 462 4795 secutus
475 4738 611 4793 cstFellus
630 4741 655 4791 iu
675 4740 735 4791 edit.
749 4738 830 4791 Oxou.
859 4749 911 4792 not.
931 4744 956 4793 l.

280 4816 357 4896 Vulg.
376 4830 475 4882 ditavit.
892 4827 989 4895 3)οιιί
1014 4832 1145 4882 tormentis
1172 4839 1271 4884 tantum
1298 4839 1403 4893 conetur,

318 4909 349 4977 2)
374 4912 425 4967 cn.
451 4913 529 4966 Simil.
555 4909 626 4978 Vlll,
652 4914 684 4964 6:
716 4916 745 4967 lai
769 4924 832 4967 ourtt
859 4931 908 4966 oon
927 4932 959 4966 ex
977 4916 1069 4980 corde,
1094 4917 1171 4967 fidem
1194 4917 1351 4988 abnegavit,
1376 4915 1402 4969 ad

280 4998 455 5075 bonofageto,
485 5003 530 5070 qui
646 5018 740 5057 nomen
770 5004 832 5069 ejus
858 5003 1041 5069 poenitentiam
1060 5002 1214 5059 admittatur.

158 5133 475 5296 A
