3067 6450
379 1204 516 1258 llllliblllli
537 1204 673 1259 Ptsron.
710 1205 805 1258 ttssEtt
824 1205 842 1259 l.
880 1205 964 1262 vtsto
982 1207 1024 1262 lll.
1201 1212 1265 1278 339

131 1366 324 1447 simplicitate
357 1371 388 1427 et
417 1367 586 1429 innocentia
620 1373 650 1428 et
681 1367 843 1444 modestia,
878 1374 1000 1448 propter
1032 1370 1264 1434 misericordiam

132 1472 211 1548 Dei,
246 1489 324 1551 quae
355 1488 446 1552 super
476 1488 530 1533 vos
563 1471 684 1534 stillavit
714 1473 744 1534 in
762 1474 894 1553 justitia,
926 1479 957 1534 ut
987 1474 1208 1539 sanctificemini
1236 1482 1267 1539 et

129 1576 336 1658 justificemini
360 1576 395 1636 ab
420 1575 500 1637 omni
523 1577 653 1656 nequitia
678 1583 708 1638 et
730 1578 809 1638 omni
831 1577 993 1657 pravitate3
1017 1596 1073 1640 vos
1090 1587 1187 1641 autem
1204 1599 1266 1644 nou

134 1681 227 1742 vultis
258 1681 453 1760 requiescere
483 1697 502 1741 a
530 1682 670 1760 nequitiis
701 1683 817 1743 vestris.
863 1683 948 1744 Nunc
980 1701 1056 1765 ergo
1085 1685 1184 1746 audite
1208 1706 1265 1766 me,

135 1793 166 1848 et
191 1805 293 1868 pacem
316 1785 425 1847 habete
455 1783 530 1846 atius
560 1803 626 1848 cum
656 1787 731 1865 alio,
762 1791 791 1846 el
823 1782 967 1849 ¹visitata
996 1805 1051 1851 vos
1080 1788 1264 1870 alterutrum,

136 1900 168 1953 et
198 1891 340 1971 suscipite
372 1906 427 1951 vos
459 1889 601 1967 invicem,
633 1900 663 1954 et
692 1893 783 1954 nolite
813 1892 871 1953 soli
902 1888 1082 1960 ²creaturas
1105 1892 1159 1955 Dei
1190 1913 1265 1974 per·

134 1997 257 2075 cipere;
292 1992 488 2056 abundantius
520 1995 604 2056 etium
636 1996 783 2075 impertite
816 1997 983 2076 egentibus.
1029 1997 1153 2069 Quidam
1186 1999 1264 2059 enim

134 2099 338 2182 compluribus
361 2098 435 2159 cibis
459 2096 653 2162 infirmitatem
679 2102 777 2163 carnis
800 2120 872 2165 suae
891 2102 1077 2180 contrahunt,
1102 2109 1133 2164 et
1153 2103 1264 2167 violant

134 2223 257 2267 carnem
280 2223 371 2266 suam.
415 2201 550 2265 tuorum
574 2212 682 2284 autem,
707 2207 836 2286 quinon
859 2206 1084 2287 babentescas,
1108 2209 1265 2270 marcescit

134 2327 208 2372 caro
232 2310 374 2388 ipsorum,
398 2312 521 2388 propter
543 2306 583 2385 id,
606 2289 687 2389 cuod
711 2328 772 2372 non
796 2310 904 2373 babent
926 2312 1122 2376 sufficientem
1147 2313 1261 2389 cibum3

135 2420 165 2475 et
189 2414 372 2476 consumitur
395 2429 506 2492 corpus
530 2431 643 2476 eorum.
689 2415 770 2476 llaec
792 2416 882 2496 igitur
905 2418 1131 2499 intemperantia
1154 2418 1262 2479 nociva

135 2525 182 2580 est
206 2518 309 2594 vobis,
340 2516 515 2578 habentibus
545 2526 575 2579 et
604 2537 663 2580 non
693 2521 976 2584 communicantibus
1006 2523 1058 2600 iis,
1089 2522 1137 2601 qui
1161 2528 1261 2604 egent.

135 2621 287 2686 Attendite
314 2622 456 2704 judicium
487 2624 716 2703 superveniens.
762 2625 818 2697 Oui
850 2627 1061 2689 eminentiores
1092 2627 1180 2702 estis,
1210 2627 1261 2688 in·

132 2728 244 2808 quirite
267 2729 444 2804 esurientes,
468 2727 536 2789 dum
559 2727 656 2789 adbuc
679 2729 769 2790 turris
786 2748 844 2792 non
863 2737 908 2792 est
924 2738 1134 2793 consummata.
1173 2731 1262 2792 Post·

133 2850 221 2912 quam
255 2833 332 2894 enim
363 2839 563 2893 consummata
599 2831 690 2893 luerit
722 2833 827 2911 turris,
860 2834 967 2897 voletis
1002 2834 1197 2912 benefacere,
1231 2840 1262 2896 ot

134 2932 224 2998 ³non
258 2936 402 2998 habebitis
436 2936 542 2999 locum.
588 2935 692 2997 Videte
728 2955 804 3018 ergo
838 2957 911 3015 vos,
945 2942 995 3020 qui
1029 2939 1196 3023 gloriamini
1231 2938 1261 3000 in

133 3039 245 3102 divitiis
268 3042 387 3118 restris,
411 3059 455 3103 uc·
474 3041 551 3103 lorte
575 3037 800 3122 ⁴ingemiscant
822 3043 851 3119 ii,
876 3044 925 3121 qui
950 3049 1056 3123 egent,
1080 3049 1109 3104 et
1131 3043 1260 3124 gemitus

133 3164 239 3208 eorum
263 3144 403 3209 ascendat
426 3145 463 3208 ad
486 3144 652 3236 Dominum,
677 3151 707 3205 et
729 3145 926 3207 excludamini
951 3165 1017 3208 curn
1040 3148 1126 3209 bonis
1151 3147 1259 3209 vestris

134 3257 219 3314 extra
247 3252 367 3330 januam
400 3252 498 3314 turris.
543 3251 630 3311 Nunc
661 3250 760 3329 itaque
794 3252 879 3313 vobis
912 3250 996 3329 dico,
1032 3252 1082 3329 qui
1112 3251 1259 3331 praeestis

132 3356 291 3433 ecclesiae,
315 3361 345 3417 et
366 3352 493 3418 ⁶amatis
510 3356 620 3435 primos
638 3372 818 3416 consessus:
843 3357 933 3418 nolite
949 3355 1059 3417 similes
1081 3355 1146 3416 fieri
1162 3354 1259 3416 ruale-

133 3460 208 3522 licis.
254 3459 291 3522 Et
313 3460 439 3522 malefici
464 3460 583 3539 quidem
607 3477 722 3522 venena
740 3476 795 3520 sua
818 3459 847 3521 in
865 3457 1014 3539 pixidibus
1033 3458 1178 3540 bajulant;
1202 3475 1258 3521 ros

132 3571 232 3627 autem
256 3584 403 3627 venenum
428 3570 558 3626 vestrum
584 3571 620 3625 et.
636 3565 824 3645 pharmacum
847 3567 877 3626 in
901 3564 994 3628 corde
1022 3565 1196 3642 continetis,
1229 3570 1260 3626 et

133 3688 194 3733 non
219 3670 306 3732 vultis
329 3688 460 3752 purgare
483 3670 574 3734 corda
598 3677 707 3749 vestra,
732 3677 761 3732 et
778 3672 962 3751 permiscere
984 3687 1105 3732 sensum
1125 3674 1259 3731 vestrum

133 3792 208 3855 puro
233 3774 333 3852 cordi,
364 3781 396 3836 ut
427 3774 559 3836 babeatis
590 3773 823 3836 misericordiam
850 3794 866 3836 a
889 3793 965 3856 rege
989 3791 1105 3856 magno.
1152 3772 1258 3836 Videte

133 3897 228 3961 ergo,
259 3878 324 3956 filii,
355 3897 394 3941 na
424 3878 503 3941 lorle
533 3879 589 3941 lrae
620 3878 826 3941 dissensiones
855 3886 974 3941 vestrae
1004 3876 1142 3940 fraudent
1170 3878 1258 3939 vllam

132 3990 272 4045 vestram.
319 3983 476 4056 Quomodo
501 4001 555 4046 vos
579 3984 699 4046 erudire
724 3986 811 4048 vullis
842 3986 955 4049 electos
980 3985 1052 4063 Dei,
1084 4003 1174 4065 quum
1192 3961 1260 4065 ipsi

132 4105 192 4149 non
232 4087 364 4149 babeatis
404 4087 616 4169 disciplinam?
676 4089 870 4153 Commouete
913 4107 988 4172 ergo
1026 4106 1082 4151 vos
1120 4090 1259 4168 invicem,

131 4193 289 4273 pacatique
312 4199 411 4256 estote
434 4193 511 4253 inter
534 4211 600 4269 vos,
623 4199 655 4254 ut
671 4198 776 4275 elego
792 4214 893 4259 coram
910 4203 994 4275 patre
1010 4199 1113 4255 vestro
1129 4193 1259 4273 adstans,

131 4299 279 4361 rationem
301 4298 425 4360 reddam
447 4316 502 4378 pro
527 4298 612 4360 vobis
636 4297 794 4360 Domino.“
1094 4373 1102 4382 ‚

219 4400 256 4461 ll
280 4402 436 4483 Quumque
454 4401 593 4464 desiisset
609 4421 722 4464 mecum
736 4403 827 4483 loqui,
844 4408 991 4463 venerunt
1005 4402 1044 4463 illi
1056 4420 1113 4463 sex
1120 4404 1259 4483 juvenes,

131 4506 183 4587 qui
206 4506 416 4586 aedificabant,
448 4513 477 4568 et
509 4507 639 4569 tulerunt
671 4508 747 4569 illum
779 4507 817 4568 ad
849 4507 970 4585 turrim,
1002 4513 1032 4568 et
1060 4506 1106 4567 alii
1131 4511 1260 4585 quatuor

169 4694 196 4760 1)
216 4692 310 4746 Similia
339 4693 458 4763 leguntur
485 4698 509 4746 in
535 4693 582 4761 Ep.
608 4691 891 4748 Barniconsummatio
921 4695 1071 4746 seculorum.
1108 4691 1172 4743 Vide
1201 4708 1257 4760 cap.

131 4798 154 4832 c.
175 4780 224 4832 19:
255 4778 380 4845 ἔκζητὴοεις
409 4778 466 4830 καθ’
494 4779 593 4845 ἑκάστην
620 4735 864 4844 dui-'antecedens
884 4799 907 4849 p.
928 4782 986 4832 338.
1006 4788 1058 4831 not.
1077 4780 1102 4830 2.

130 4886 175 4934 ραν
195 4864 225 4916 ια’
243 4864 361 4934 πρόσωπα
379 4871 428 4918 τῶν
445 4866 528 4935 aiyr‘mr.
745 4870 775 4937 4)
795 4869 846 4920 Ctr.
865 4870 962 4931 tacu5,
983 4868 1006 4918 4.

166 4954 197 5023 2)
217 4953 235 5005 l.
256 4971 280 5004 e.
299 4958 375 5009 doato.
413 4955 464 5007 ctr.
483 4955 539 5007 lob.
560 4956 603 5020 31,
626 4958 664 5007 17.
745 4958 773 5022 5)
793 4956 843 5005 Cir.
865 4954 1042 5016 statuane.
1069 4953 1260 5021 llarc.l2,39.

168 5040 197 5106 ³)
218 5039 405 5096 Consummmio
439 5045 512 5108 turris
541 5042 615 5093 simul
646 5051 684 5095 cat
711 5042 769 5094 buc.
792 5043 832 5106 tt,
852 5044 893 5093 43.
922 5043 966 5106 20,
985 5034 1042 5093 lli.¹

977 5129 1051 5194 22·
