3067 6450
459 1187 596 1245 manta
615 1187 748 1245 Piston.
785 1189 883 1245 meua
900 1190 919 1244 1.
956 1190 1041 1247 VISIO
1060 1191 1102 1247 ut
1278 1198 1342 1263 335

216 1355 328 1414 terram
352 1348 473 1431 vadunt,
497 1358 527 1416 et
544 1371 604 1417 non
625 1359 694 1416 sunt
715 1349 828 1434 'politi
851 1353 918 1417 iilos
935 1354 1016 1418 Deus
1032 1355 1178 1437 probavit,
1202 1355 1341 1435 quoniam
1446 1358 1450 1365 '

216 1457 347 1538 ingrcssi
371 1463 440 1520 sunt
462 1457 493 1519 in
516 1455 717 1539 ²aequitatem
734 1459 861 1539 Domini,
886 1468 916 1523 et
938 1460 1112 1526 direxerunt
1130 1462 1193 1524 vias
1208 1461 1238 1524 in
1255 1480 1342 1524 nran-

217 1561 292 1624 datis
316 1564 391 1645 ejus.
427 1563 484 1637 Oui
499 1571 596 1628 autem
613 1562 797 1644 adseruntur,
820 1571 849 1627 et
866 1572 1014 1647 ponuntur
1028 1566 1058 1629 in
1074 1574 1223 1629 structura
1241 1568 1342 1647 turris,

215 1665 236 1728 ii
258 1674 327 1729 sunt
348 1666 459 1728 novelli
482 1667 511 1730 in
534 1667 607 1747 fide,
631 1676 662 1732 et
685 1668 798 1732 fideles.
846 1669 1078 1734 Commonentur
1101 1679 1199 1733 autern
1223 1672 1259 1734 ab
1282 1691 1340 1734 an-

215 1771 294 1852 gelis
317 1770 354 1833 ad
378 1770 634 1853 benefaciendum,
658 1781 817 1856 propterea
838 1774 919 1854 quod
934 1793 994 1837 non
1012 1782 1058 1838 est
1073 1776 1193 1838 inventa
1209 1777 1341 1856 nequitia

215 1876 245 1938 in
275 1875 361 1937 iltis.“
410 1878 513 1955 ,Quos
542 1885 640 1939 autem
669 1879 844 1961 rejiciebant
874 1886 903 1941 et
933 1881 1084 1961 ponebant
1109 1880 1196 1961 Juxta
1225 1881 1339 1958 turrim,

215 1981 266 2062 qui
289 1988 359 2044 sunt
381 1982 465 2045 illi?“
504 1983 554 2045 itit
568 1984 652 2046 mibi:
679 1985 718 2062 „ii
734 1990 811 2062 sunt,
835 1984 884 2065 qui
900 1990 1110 2065 peccaverunt,
1135 1991 1165 2047 et
1179 1982 1340 2045 votuerunt

212 2087 425 2166 poenitentiam
449 2106 542 2169 agere
549 2109 558 2164 ;
580 2095 704 2170 propter
728 2089 786 2151 boc
808 2106 868 2151 non
888 2094 956 2150 sunt
972 2088 1062 2172 longe
1078 2088 1205 2170 projecti
1220 2106 1236 2148 a
1254 2086 1338 2165 turri,

213 2191 355 2271 quoniam
378 2191 467 2253 utiles
489 2199 576 2255 erunt
599 2194 628 2255 in
652 2199 812 2273 structura,
835 2193 859 2255 si
883 2194 1093 2275 poenitentiam
1116 2192 1241 2276 egerint.
1280 2191 1338 2266 Qui

212 2311 291 2376 ergo
314 2296 526 2375 poenitentiam
549 2299 643 2360 acturi
665 2304 751 2377 sunt,
784 2299 810 2358 si
839 2298 956 2380 egerint
977 2298 1207 2379 poenitentiam,
1241 2294 1336 2358 fortes

213 2403 303 2459 erunt
317 2399 347 2459 in
363 2397 432 2477 fide,
456 2399 482 2461 si
497 2418 577 2462 nunc
591 2402 802 2483 poenitentiam
819 2401 946 2483 egerint,
967 2399 1035 2463 dum
1051 2401 1222 2464 aedificatur
1237 2399 1336 2462 burris.

212 2496 311 2565 ³Nam
334 2503 361 2564 si
383 2510 584 2566 consummata
604 2503 694 2567 fuerit
707 2511 867 2582 structura,
887 2506 949 2587 jam
966 2505 1107 2585 quianon
1124 2504 1212 2567 babet
1227 2502 1337 2580 locum,

211 2607 265 2669 ubi
287 2613 424 2689 ponatur,
446 2608 501 2671 sed
524 2610 581 2672 erit
602 2609 767 2691 reprobus;
791 2607 978 2673 solummodo
993 2614 1091 2672 autern
1111 2606 1192 2671 *boc
1207 2606 1336 2686 babebit,

211 2711 264 2792 qui
282 2714 344 2796 jam
367 2712 404 2775 ad
427 2715 529 2776 turrim
552 2714 667 2795 positus
690 2713 766 2776 cst.“

301 2816 348 2879 vt.
373 2817 450 2897 „Oui
466 2824 561 2880 autem
578 2819 797 2896 recidebantur,
813 2825 844 2881 et
857 2817 948 2902 longe
964 2818 1196 2900 projiciebantur
1212 2835 1228 2878 a
1243 2820 1335 2894 turre,

211 2921 258 2982 vis
281 2921 369 2999 scire,
392 2923 443 3001 qui
466 2923 580 2984 sunt?“
622 2923 749 3002 ,Volo,“
774 2923 902 3003 inquam,
926 2922 1095 3002 ,domina.“
1136 2922 1177 3002 ,li
1198 2925 1265 2985 sunt
1284 2919 1336 2982 filii
1400 2941 1407 2950 ·

209 3024 392 3106 iniquitatis,
416 3028 517 3108 etqui
541 3026 732 3090 crediderunt
754 3027 784 3089 in
806 3027 1010 3105 simulatione,
1034 3032 1063 3089 et
1086 3027 1181 3089 omnis
1203 3025 1335 3105 nequitia

210 3148 273 3193 non
297 3130 434 3192 discessit
455 3132 491 3193 ab
515 3132 566 3194 eis.
606 3132 732 3212 Propter
754 3130 812 3193 boc
832 3149 892 3194 non
914 3131 1023 3193 babent
1039 3131 1171 3206 satutem,
1195 3129 1333 3208 quoniam

210 3254 272 3298 non
293 3242 362 3298 sunt
377 3236 463 3298 utiles
479 3237 508 3297 in
525 3243 683 3315 structura,
706 3241 828 3317 propter
844 3235 989 3315 nequitias
1004 3251 1083 3296 suas.
1123 3231 1333 3313 ⁵Ouapropter

210 3340 306 3402 excisi
328 3348 397 3403 sunt
420 3346 450 3402 et
471 3340 563 3422 longe
586 3341 712 3423 projecti
734 3348 857 3422 propter
879 3340 951 3402 iram
967 3339 1093 3416 Domini,
1117 3339 1184 3419 quia
1200 3353 1331 3398 exacer-

209 3423 357 3508 baverunt
380 3464 456 3507 enm.
501 3446 644 3534 Caeteros
667 3451 764 3507 autem
786 3443 917 3526 lapides,
942 3460 1017 3524 quos
1041 3441 1137 3504 vidisti
1161 3440 1330 3520 complures

209 3550 334 3630 positos,
359 3567 418 3613 non
442 3556 547 3612 euntes
571 3551 600 3611 in
622 3555 810 3627 structuram,
832 3550 852 3610 ii
868 3548 995 3629 quidem,
1019 3548 1069 3628 qui
1084 3545 1219 3608 scabrosi
1236 3550 1346 3625 erant.

208 3653 346 3732 bisunt,
376 3654 426 3734 qui
456 3660 663 3736 cognoverunt
693 3655 864 3730 veritatem,
895 3659 924 3714 et
945 3642 1002 3716 nec
1025 3646 1277 3731 ⁶permanserunt
1300 3650 1330 3710 iu

209 3775 261 3834 ca,
284 3776 342 3820 nec
364 3760 513 3839 conjuncti
536 3765 604 3821 sunt
625 3761 753 3833 sanctis;
784 3764 908 3839 propter
930 3757 988 3820 boc
1010 3754 1126 3819 inutiles
1149 3760 1225 3816 sunt
1272 3752 1330 3826 Qui

208 3866 305 3923 autem
327 3862 473 3924 scissuras
497 3863 659 3942 habebant,
688 3861 824 3939 bisunt,
849 3862 899 3941 qui
922 3862 997 3924 atius
1020 3859 1165 3922 adversus
1189 3856 1276 3919 alium
1299 3856 1330 3917 in

207 3965 348 4028 cordibus
371 3965 549 4029 discordiam
571 3967 697 4044 babent,
725 3972 755 4029 et
778 3985 836 4029 non
860 3967 969 4030 babent
991 3985 1093 4049 pacem
1116 3966 1193 4027 inter
1216 3980 1267 4038 se;
1299 3961 1329 4023 in

205 4072 375 4152 praesentia
398 4070 517 4151 quidem
542 4089 645 4152 pacem
668 4072 829 4150 babentes,
861 4090 952 4151 quum
975 4078 1072 4134 autent
1100 4086 1175 4133 unus
1204 4068 1240 4129 ab
1270 4065 1328 4130 alio

206 4174 389 4255 discesserit,
413 4177 543 4257 nequitia
565 4194 668 4239 eorum
684 4177 712 4238 in
730 4177 869 4240 cordibus
885 4184 1045 4258 permanet.
1090 4176 1151 4238 Hae
1166 4180 1235 4237 sunt
1251 4190 1328 4256 ergo

204 4279 372 4359 scissurae,
404 4272 477 4361 quas
499 4280 618 4360 babent
646 4281 768 4363 lapides.
814 4280 871 4355 Qui
898 4297 971 4342 vero
994 4280 1069 4343 curti
1091 4284 1177 4358 sunt,
1206 4279 1226 4340 ii
1249 4283 1328 4355 sunt,

239 4416 267 4479 1)
286 4414 306 4467 1.
320 4432 343 4467 e.
364 4419 409 4487 qni
425 4434 473 4471 sec
492 4420 615 4487 apostati,
634 4421 752 4487 episcopt
813 4416 842 4483 4)
861 4415 884 4467 is
903 4422 999 4467 tantum
1017 4414 1101 4467 locum
1120 4413 1223 4466 babebit
1241 4413 1265 4463 iu
1279 4427 1326 4462 ec·
1371 4423 1376 4431 ·

203 4508 272 4566 etc,
299 4519 347 4555 nec
370 4512 503 4573 martyrae
525 4514 604 4570 sunu
629 4504 655 4556 bi
675 4505 750 4569 cuim,
778 4501 872 4566 ciceia,
903 4504 960 4570 qui,
987 4502 1046 4554 dnm
1073 4503 1145 4555 turris
1172 4498 1326 4561 aedificatur,

201 4602 266 4655 pras
285 4590 377 4641 ceteris
396 4592 510 4658 egregii,
529 4590 599 4657 potiti
618 4597 683 4642 sunt.
777 4589 956 4656 poenitentiam
975 4591 1037 4657 agit.

237 4675 268 4744 2)
288 4679 410 4745 Aequitas
424 4700 460 4724 =
476 4673 602 4737 δικαίωμα,
619 4693 749 4746 percep·
813 4676 841 4741 5)
871 4675 920 4739 Qui
957 4675 1031 4726 fidem
1067 4681 1163 4725 tantum
1198 4668 1323 4733 simutant,

201 4771 274 4829 tuna,-
292 4762 338 4814 cir.
352 4762 398 4831 Ep.
413 4760 487 4814 Bsru.
501 4779 523 4814 c.
536 4763 560 4815 2.
579 4779 604 4830 p.
618 4762 642 4814 3.
658 4771 710 4813 not.
725 4763 749 4815 5.
778 4762 945 4815 excludentur
974 4760 1006 4813 ab
1036 4759 1160 4822 ecclesia,
1191 4772 1256 4826 quso
1285 4762 1324 4807 ert

237 4850 267 4917 3)
287 4848 393 4902 Hermas
412 4850 502 4913 docet,
526 4857 596 4901 extra
615 4848 750 4900 ecclesiam
778 4858 878 4903 cuncto.
916 4845 966 4899 Gir.
985 4851 1077 4909 dictito,
1097 4842 1153 4895 Ani·
1172 4859 1198 4911 p.
1217 4842 1276 4894 0⁰0·
1351 4832 1357 4843 ⁰

200 4952 252 4988 non
272 4952 331 4988 osso
348 4936 463 4989 satutem.
500 4933 551 4990 cn.
573 4934 619 5003 Ep.
639 4933 649 4986 Ι
671 4933 748 4989 Ciam.
811 4935 839 4998 6)
858 4933 964 4985 Hermas
989 4933 1022 4984 de
1045 4930 1180 4984 haereticis
1205 4929 1322 4998 loquitur.

200 5038 224 5076 c.
245 5025 280 5075 57
299 5031 326 5076 ct
342 5027 435 5090 Romo,
453 5022 512 5077 Ani.
530 5040 555 5093 p.
576 5022 627 5075 579
645 5037 684 5092 sq.
778 5017 828 5073 Cir.
847 5035 924 5087 supra
941 5027 994 5073 not.
1012 5018 1038 5070 3.
