3067 6450
498 1186 600 1240 muns
618 1187 732 1243 annun
751 1188 792 1242 ur
811 1187 1040 1242 suasoriam.
1265 1195 1330 1261 463

240 1361 292 1399 non
310 1345 441 1399 iterandae
460 1353 518 1399 sunt
536 1347 646 1418 conjugo
660 1365 753 1417 super-

240 1436 299 1487 stite
329 1433 379 1485 319
405 1452 443 1503 sq.
487 1435 596 1502 Nuptiae
626 1436 753 1486 secundae

239 1530 298 1573 sunt
317 1520 401 1573 licitae
422 1522 489 1585 352;
517 1522 562 1573 sed
587 1524 630 1589 qui
654 1538 701 1591 per
723 1539 752 1573 se

238 1612 375 1673 manserit,
406 1625 523 1675 magnum
549 1608 598 1660 sibi
629 1610 753 1677 conquirit

237 1696 362 1747 honorem
380 1697 447 1762 apud
467 1695 600 1747 Dominum
618 1700 680 1751 ibid

200 1780 406 1834 Numismata
426 1783 486 1848 duo,
509 1782 615 1835 alterum
633 1782 691 1849 bei,
710 1784 751 1837 al·

237 1878 320 1922 ternm
340 1871 425 1922 mundi
446 1870 502 1921 116.

200 2129 408 2185 Obedieutia
433 2131 531 2185 Enochi
555 2133 605 2198 663
633 2134 750 2188 Abrahae

234 2222 313 2283 s'tts;
332 2236 415 2272 rerum
437 2229 576 2272 creatarum
596 2222 638 2274 82.

199 2304 403 2358 Oblationes
422 2323 473 2358 uon
491 2308 749 2361 inomnilocooh'e·

233 2402 338 2458 runtur,
365 2395 411 2446 sed
439 2394 625 2462 Hierosolymis
653 2403 749 2448 tantum

817 1347 883 1399 bone
897 1346 974 1400 debet
985 1348 1061 1400 homo
1074 1349 1184 1416 operari,
1204 1357 1232 1401 ut
1243 1350 1328 1405 salvus

816 1438 858 1489 irat
877 1437 936 1488 361.
972 1439 1047 1489 Varie
1073 1453 1152 1505 opera
1177 1437 1242 1489 bona
1268 1439 1328 1491 362.

815 1523 854 1577 Ex
875 1525 994 1592 operibus
1014 1525 1083 1578 Deus
1110 1526 1257 1594 cognoscit,
1284 1543 1330 1578 uos

814 1612 927 1663 membra
938 1628 995 1664 esse
1006 1613 1049 1664 lilii
1059 1616 1098 1665 sui
1111 1616 1167 1666 156.
1194 1612 1242 1676 Oui
1254 1616 1328 1682 cupi·

814 1697 906 1749 dilates
924 1707 1036 1765 superat,
1055 1698 1121 1763 Oeo,
1141 1715 1191 1751 non
1207 1703 1257 1753 sibi
1273 1702 1328 1772 ipsi,

814 1782 921 1852 gloriam
936 1785 1028 1838 tribuat
1042 1786 1091 1837 101
1103 1802 1142 1856 sq.
1156 1788 1208 1840 238
1218 1807 1256 1859 sq.
1268 1791 1329 1845 373.

815 1867 994 1939 Unusquisque
1022 1873 1159 1925 secundum
1187 1891 1235 1942 ea,
1263 1894 1329 1947 quae

815 1956 892 2024 iacit,
922 1961 1040 2028 accipiet.
1083 1960 1109 2013 Si
1135 1962 1210 2015 luerit
1236 1964 1328 2031 bonus,

813 2044 916 2096 bonitas
938 2061 995 2097 eum
1015 2048 1153 2113 antecedit,
1172 2051 1192 2101 si
1210 2067 1328 2121 nequem,

812 2147 912 2185 merces
937 2136 1068 2203 nequitiae
1092 2152 1149 2188 eum
1171 2140 1285 2206 seqnitur
1303 2142 1328 2192 7.

813 2217 839 2269 Si
861 2221 916 2288 quis
941 2222 1012 2288 cupit
1036 2225 1172 2290 pervenire
1197 2223 1229 2275 ad
1249 2242 1327 2293 pree·

812 2307 907 2358 linitum
937 2306 1039 2371 locum,
1069 2310 1121 2362 suis
1152 2311 1272 2379 operibus
1302 2312 1327 2362 id

813 2394 933 2462 consequi
951 2394 1054 2446 student
1075 2396 1117 2447 11.

234 2478 293 2531 108.
330 2477 477 2533 Oblationes
503 2497 535 2533 sn
561 2482 675 2535 maculae
701 2499 749 2533 ex·
778 2478 885 2548 Opera
927 2483 1229 2551 supererogatorie
1264 2484 1324 2536 381.

233 2574 323 2634 pestes
336 2576 430 2632 essent,
449 2569 475 2619 in
489 2571 570 2621 veteri
583 2569 641 2639 lege
653 2586 749 2622 summe

232 2653 362 2721 diligentia
381 2654 561 2723 explorabatur
582 2659 644 2710 ibid.

812 2565 863 2619 Cir.
884 2569 1045 2635 Oostitstsss,
1064 2570 1220 2640 deiecisset,
1240 2573 1324 2625 lasso·

814 2657 908 2707 centia.

197 2736 353 2792 Oceanus
368 2740 576 2809 dispositionibus
589 2742 637 2794 Oei
650 2742 748 2811 guber·
778 2736 905 2792 Oratio.
927 2740 1038 2796 Assidue
1051 2751 1077 2795 et
1089 2744 1145 2797 sins
1158 2743 1325 2798 haesitatione

231 2833 307 2878 natur
333 2828 373 2880 82.
411 2827 496 2881 blondi
523 2839 592 2883 trans
618 2828 749 2883 Oceanum

232 2916 293 2966 ibid

196 2996 388 3065 Onesimus,
416 3001 585 3070 Ephesiorum
613 3005 748 3072 episcopus

234 3087 293 3138 153.
316 3089 374 3140 157.

197 3169 317 3243 Opere.
350 3175 486 3243 Operibus,
504 3191 554 3229 non
571 3176 657 3229 verbis
669 3177 748 3244 justi·

233 3262 339 3314 ficemur
365 3263 407 3314 06.
445 3265 507 3316 'Nou
534 3281 581 3332 per
607 3281 655 3318 nos
681 3267 749 3334 ipsos

230 3348 413 3415 justificamur,
432 3366 516 3419 neque
535 3368 582 3419 per
600 3354 748 3420 sapientiam

232 3436 747 3507 nostramausinrettiqsnsiameuropem,

233 3538 300 3591 qnae
328 3525 353 3575 in
381 3524 464 3575 cordis
490 3526 624 3576 sanctitate
650 3528 748 3593 operati

232 3626 335 3674 sumus,
360 3609 406 3661 sed
427 3611 583 3677 perfidem,
607 3629 655 3680 per
672 3629 746 3680 quem

231 3699 391 3765 omnipotens
412 3696 481 3749 Deus
504 3698 536 3749 ab
562 3700 634 3749 initio
659 3714 747 3750 omncs

228 3783 377 3849 justificavit
405 3788 466 3837 ibid.
502 3784 553 3837 Sed
580 3802 629 3837 non
657 3802 746 3839 cessu-

232 3870 315 3922 bimus
325 3888 338 3921 a
349 3870 421 3922 bouis
433 3871 555 3939 operibus
567 3876 625 3927 ibid
654 3872 747 3924 Omnes

228 3957 292 4024 justi
312 3956 386 4011 bonis
405 3958 525 4025 operibus
545 3961 626 4011 ornati
647 3959 747 4012 inerunt

232 4044 274 4095 98.
324 4043 447 4096 Dominus
476 4046 531 4112 ipse
562 4048 682 4113 operibus
718 4063 746 4098 se

231 4131 312 4198 ipsum
341 4145 449 4195 ornans,
481 4133 584 4199 gavisus
615 4141 654 4183 est
683 4137 745 4187 ibid.

232 4217 303 4269 Totis
321 4220 413 4270 nostris
432 4217 526 4270 viribus
546 4231 609 4284 opus
631 4216 745 4281 justitiae

232 4321 368 4371 operemur
385 4308 446 4358 ibid.
482 4302 519 4354 ll'e
538 4318 631 4370 segnes
650 4310 677 4353 et
695 4301 744 4353 de-

231 4392 300 4443 sides
319 4393 394 4443 simus
418 4391 451 4442 ad
474 4404 547 4440 omne
566 4403 629 4456 opus
650 4387 743 4439 bonnm

230 4481 292 4532 ibid.
329 4475 401 4528 ilenti
428 4493 528 4541 sumus,
558 4476 579 4526 si
607 4482 742 4542 praecepta

230 4565 331 4616 Domini
350 4566 374 4615 in
395 4563 521 4615 charitatis
541 4561 675 4613 concordia
692 4561 743 4611 im-

231 4652 395 4720 pleverimus,
414 4658 441 4701 ut
459 4665 505 4718 per
517 4648 662 4700 charitatem
676 4663 743 4715 pec·

231 4747 285 4790 ceta
307 4746 391 4788 nostra
409 4737 483 4787 nobis
508 4738 664 4787 remittentur
685 4733 733 4786 122

230 4824 258 4877 ln
277 4824 398 4894 operibus
419 4822 550 4874 Dominum
569 4823 742 4885 conliteamur,

229 4928 281 4965 non
308 4912 395 4964 verbis
422 4910 479 4961 138.
521 4908 605 4977 Opera
631 4907 741 4960 fidelium

230 5008 400 5053 suntseorum
424 4996 538 5065 deposita
559 4995 620 5048 210.
657 4992 741 5063 Opera

811 2826 933 2879 orandum
952 2838 991 2881 est
1010 2830 1060 2882 362
1079 2848 1117 2900 sq.
1154 2830 1276 2898 Oremus,
1298 2842 1326 2886 ut

812 2913 882 2966 Deos
907 2931 966 2985 erga
992 2934 1038 2970 nos
1063 2919 1174 2986 propitio
1192 2921 1275 2973 animo
1293 2921 1326 2971 sit

812 3004 855 3055 51.
891 3003 1067 3056 indesinenter
1084 3020 1186 3056 oremus
1203 3022 1250 3073 pro
1269 3005 1324 3058 aliis

812 3087 957 3143 hominibus
975 3090 1032 3142 160.
1064 3090 1113 3142 Diu
1126 3099 1254 3159 noctuque
1267 3091 1323 3144 sol·

812 3177 873 3230 liciti
898 3180 974 3231 simus
998 3192 1045 3245 pro
1066 3179 1183 3231 universa
1202 3178 1323 3230 insterni-

811 3274 863 3318 tste
883 3267 926 3318 51.
962 3265 987 3317 S.
1006 3264 1117 3334 ignauus
1139 3281 1186 3333 pro
1206 3265 1323 3320 ecclesiis

811 3361 836 3404 et
857 3352 975 3405 iratribus
993 3361 1111 3421 precatus
1131 3362 1169 3405 est
1187 3353 1247 3405 252.
1275 3355 1323 3406 vi-

810 3437 876 3490 duae
895 3441 949 3491 sins
962 3440 1146 3492 intermissione
1160 3441 1325 3510 interpellent

809 3540 857 3592 pro
876 3526 991 3577 omnibus
1006 3525 1065 3578 260.
1096 3525 1195 3594 Pauper
1206 3537 1264 3579 oret
1276 3544 1323 3598 pro

810 3612 902 3677 divite,
929 3621 956 3664 ct
981 3613 1052 3666 dives
1077 3621 1188 3680 praestet
1206 3618 1322 3682 pauperi,

809 3714 875 3766 quae
899 3699 933 3751 illi
960 3717 1024 3768 opus
1044 3708 1102 3751 sunt
1119 3700 1179 3751 379.
1215 3700 1241 3752 st
1259 3718 1322 3769 pre·

809 3787 876 3837 cutio
904 3787 977 3838 nnius
1003 3796 1082 3856 atque
1109 3786 1213 3838 alterius
1240 3794 1321 3838 tantas

807 3872 876 3923 vires
889 3872 974 3938 habet,
988 3883 1083 3943 quanto
1096 3874 1173 3941 magis
1186 3872 1238 3938 ills,
1255 3890 1320 3943 quae

809 3959 923 4028 episcopi
942 3971 981 4013 est
994 3970 1019 4013 et
1031 3963 1107 4013 totius
1121 3960 1247 4012 ecclesiae
1263 3960 1320 4012 156.

809 4043 882 4096 Vires
908 4048 1029 4098 orationis
1056 4047 1106 4098 363
1125 4065 1163 4116 sq.
1200 4045 1320 4101 Oratione

807 4140 913 4199 peccata
936 4140 1056 4185 sanantur
1079 4131 1138 4184 323.
1176 4132 1255 4186 Orate
1273 4150 1320 4202 pro

808 4220 912 4285 regibus
935 4228 962 4270 et
984 4218 1150 4286 potestatibus
1175 4227 1201 4270 et
1223 4222 1319 4287 princi-

807 4302 880 4367 pibus
898 4304 965 4366 2713
984 4320 1031 4372 pro
1050 4305 1156 4357 inimicis
1173 4310 1251 4369 itid.;
1273 4322 1319 4373 pro

806 4388 923 4439 omuibus
947 4392 1039 4442 sanctis
1065 4394 1126 4445 ibid.
1163 4391 1249 4444 Tristis
1268 4391 1318 4442 ho-

806 4476 878 4526 minis
905 4477 985 4528 oratio
1010 4480 1128 4530 virtutem
1154 4494 1205 4529 nou
1232 4476 1318 4543 hebet,

806 4568 833 4611 nt
862 4561 893 4613 ed
923 4561 1003 4615 altere
1033 4563 1079 4615 Dei
1109 4561 1229 4615 ascendat
1258 4562 1317 4615 369.

806 4645 893 4699 Oratio
909 4648 1050 4701 hnmilitate
1067 4656 1128 4717 eget
1139 4647 1198 4699 310.
1230 4647 1318 4701 Oratio

805 4742 832 4785 et
846 4734 970 4801 jejunium
989 4735 1172 4803 conjungentur
1184 4736 1243 4787 261.
1256 4735 1316 4788 310.

804 4821 861 4874 lion
878 4822 987 4875 accedas
1005 4823 1037 4874 ad
1055 4823 1196 4873 orationem
1212 4830 1278 4874 tuam
1291 4824 1317 4876 iu

804 4911 961 4960 couscientia
980 4908 1047 4961 mals
1065 4908 1106 4960 18.
1137 4906 1251 4962 (lenibus
1264 4923 1315 4978 po·

803 4994 857 5046 sitis
875 5009 949 5047 orare
968 4994 1028 5048 330.
