3067 6450
230 1190 256 1245 Β.
275 1187 456 1244 contexunt
474 1185 633 1241 EPISTULA
652 1187 696 1241 AD
716 1185 954 1243 nuutttesnsss
973 1188 1014 1245 vt.
1026 1188 1081 1246 Vll.
1093 1189 1160 1246 ΠῘῙ.
1196 1195 1262 1261 265

130 1370 192 1434 pro
221 1371 257 1415 se
285 1351 440 1415 rationem
469 1349 604 1415 reddere
634 1360 767 1429 oportet.
813 1352 862 1418 Sic
894 1352 993 1434 itaque
1025 1354 1190 1417 serviamus
1221 1354 1264 1418 ssii

133 1479 201 1523 cum
224 1459 331 1534 timore
355 1465 386 1520 et
409 1457 488 1520 omni
509 1458 689 1536 reuerentia,
713 1459 790 1521 sicut
806 1460 958 1540 praecepit
974 1459 1047 1540 ipse,
1071 1466 1101 1522 et
1116 1458 1263 1541 Apostoli,

134 1565 184 1647 qui
210 1562 216 1601 ¹
237 1563 322 1626 nobis
347 1563 535 1647 evangelium
557 1564 786 1642 annuntiarunt,
810 1570 840 1625 et
862 1564 1044 1646 prophetae,
1072 1565 1121 1646 qui
1146 1564 1264 1627 Domini

134 1669 229 1732 nostri
258 1666 418 1730 adventum
448 1667 744 1750 praesignificurunt3
777 1666 930 1747 studiose,
961 1668 1042 1749 quod
1072 1669 1179 1731 bonum
1208 1674 1265 1749 est,

132 1781 294 1851 sectantes,
317 1773 501 1837 abstinentes
524 1772 711 1836 ascendatis
735 1779 804 1841 eta
829 1771 911 1835 salsis
935 1771 1076 1836 tratribus
1105 1779 1135 1835 et
1157 1774 1194 1835 ab
1218 1775 1264 1852 iis,

134 1878 186 1959 qni
209 1878 238 1940 in
261 1876 412 1959 hypocrisi
435 1895 547 1941 nomen
570 1877 688 1941 Domini
712 1874 857 1957 orarum,
884 1879 933 1959 qui
958 1896 1051 1942 uanos
1075 1878 1211 1941 homines
1234 1876 1265 1940 in

133 2001 270 2046 errorem
293 1982 444 2046 inducunt.

133 2176 195 2239 vit.
240 2175 349 2257 Fuqite
371 2174 527 2252 Docctos,
557 2181 587 2237 et
611 2181 811 2254 perseverate
840 2175 876 2237 in
898 2173 1035 2255 jeJoniis
1058 2179 1089 2237 et
1110 2173 1264 2238 oratione.

224 2295 360 2362 ³0nrnis
383 2299 474 2374 enirn,
499 2298 552 2379 qni
575 2316 640 2360 non
664 2295 828 2376 confessus
849 2296 957 2376 suerit,
981 2297 1086 2360 desum
1109 2295 1266 2359 Christum

134 2405 169 2467 in
194 2422 288 2465 curere
310 2404 445 2480 conisae,
469 2403 674 2467 antichristus
698 2412 761 2477 est;
785 2411 816 2466 et
838 2404 889 2485 qui
911 2422 971 2467 non
994 2401 1153 2466 confessus
1175 2399 1266 2464 tuerit

134 2509 308 2591 martyrium
335 2509 449 2587 crucis,
479 2528 518 2571 ex
549 2508 667 2572 diabolo
699 2513 761 2586 est;
793 2515 824 2570 et
854 2509 904 2589 qui
935 2508 1053 2590 etoquia
1079 2507 1197 2569 Domini
1226 2503 1265 2568 ad

135 2613 287 2677 desideria
320 2630 375 2675 sua
406 2612 571 2676 traduxerit
605 2615 790 2696 dixeritque,
830 2633 887 2676 nec
920 2614 1173 2678 resurrectionem
1207 2629 1265 2676 neo

130 2719 276 2804 judicium
311 2735 404 2802 esse,
435 2718 482 2782 hic
516 2721 732 2803 primogenitus
765 2726 811 2782 est
845 2719 978 2782 Satanae.
1034 2717 1105 2781 ideo
1140 2713 1265 2779 *relin-

136 2830 263 2908 quentes
294 2821 479 2887 ⁵vanitatem
509 2825 666 2888 multorum
695 2831 725 2887 et
754 2823 845 2887 iatsas
875 2823 1042 2902 doctrinas,
1073 2821 1110 2885 ad
1142 2815 1267 2884 ⁶tradi-

135 2939 196 2993 tarn
218 2929 305 2992 nobis
327 2929 363 2993 ab
387 2930 468 2992 initio
492 2927 655 2992 doctrinam
677 2937 880 3008 reuertamur,
913 2923 1107 3010 ⁷oi9ituntes
1131 2927 1164 2987 in
1188 2945 1266 2988 oro·

136 3035 278 3099 tionibus
302 3039 331 3095 et
353 3040 581 3117 perseverantes
605 3037 633 3097 in
654 3035 788 3117 jeiuniis,
812 3034 951 3115 precibus
975 3039 1117 3115 rogantes
1139 3031 1267 3092 omnium

137 3146 366 3222 conspectorern
389 3140 500 3220 Deum,
532 3133 598 3202 ⁸ne
629 3159 688 3202 nos
718 3140 851 3200 inducat
879 3137 912 3197 in
941 3137 1159 3211 tentationem,
1191 3134 1268 3195 sicut

136 3244 212 3307 dixit
241 3245 400 3309 Dominus:
434 3240 594 3326 ⁹apiritus
628 3245 752 3330 quidem
783 3252 925 3323 promtus
958 3250 1022 3321 est,
1056 3260 1134 3303 coro
1166 3248 1268 3302 outone

138 3350 272 3429 infirnus

329 3540 399 3604 vtu.
445 3537 648 3606 Perseverate
671 3539 705 3601 in
728 3539 892 3620 spontin
912 3537 1079 3619 patientia.

227 3659 434 3727 Indesinonter
457 3681 532 3746 ergo
554 3680 785 3744 perseveremus
816 3662 844 3723 in
875 3680 930 3743 spe
960 3668 1063 3724 nostra
1086 3666 1114 3722 et
1139 3660 1269 3742 pignore

133 3769 270 3851 justitiae
292 3776 423 3847 nostrae,
448 3768 527 3850 qnod
550 3773 596 3829 est
610 3767 699 3830 iesus
716 3767 860 3843 Christus,
889 3763 913 3803 ¹⁰
927 3767 981 3846 qui
1002 3773 1134 3845 peccota
1156 3771 1270 3825 nostro

139 3874 174 3934 in
189 3891 322 3953 corporo
337 3893 395 3937 auo
414 3892 509 3954 super
528 3874 643 3953 tionum
657 3874 799 3952 pertulit,
826 3871 846 3911 ¹¹
858 3873 912 3953 qui
925 3880 1086 3952 peccatum
1101 3866 1268 3946 confecit,

138 3996 197 4039 nec
220 3978 365 4041 inuentus
388 3985 435 4040 est
458 3979 551 4040 dotus
574 3978 607 4039 in
631 3998 686 4044 ore
709 3981 797 4058 ejus,·
819 3976 872 4039 sed
897 3984 1021 4058 propter
1044 3993 1119 4054 nos,
1144 3970 1169 4012 '²
1186 3978 1217 4036 ut
1240 3972 1271 4035 in

138 4082 207 4163 ipso
224 4081 366 4160 vivamus,
387 4080 410 4120 '³
421 4083 517 4146 omniu
533 4084 681 4146 sustinuit.
715 4083 883 4145 Imitatores
900 4082 989 4162 igitur
1003 4083 1094 4144 simus
1111 4078 1271 4161 patientias
1289 4129 1292 4136 .

138 4188 225 4269 ejus3
249 4189 327 4250 etsi
353 4184 531 4270 ¹⁴patiamur
553 4195 675 4271 propter
698 4206 807 4251 nomen
831 4187 912 4267 ejus,
935 4185 1031 4268 gloria
1055 4185 1135 4248 ilium
1163 4180 1269 4245 ’51111-

177 4429 206 4493 5)
225 4425 276 4481 cn.
299 4444 376 4498 sopra
394 4446 416 4483 c.
436 4428 466 4481 2:
492 4424 563 4495 rareio
584 4447 691 4495 ματαιο-
736 4427 781 4492 12)
800 4426 851 4480 cn.
872 4425 883 4479 1
900 4426 957 4480 ioh.
977 4428 1003 4491 4,
1022 4428 1047 4479 9.

137 4516 232 4581 toytor.
464 4567 467 4572 ,
737 4515 780 4576 13)
800 4514 851 4566 Cir.
877 4514 930 4583 ign.
955 4513 986 4565 ad
1007 4513 1095 4580 Polyc.
1121 4529 1145 4564 c.
1169 4510 1200 4563 3:
1226 4504 1272 4559 τᾶν

176 4601 208 4657 6)
228 4598 278 4653 Cir.
297 4601 379 4654 dudae
397 4601 422 4653 3.
718 4599 781 4666 aare}
805 4598 888 4651 πάντα
908 4598 1000 4668 τρόπον
1024 4598 1056 4650 da'
1073 4584 1136 4664 ’ἡμᾶς
1162 4594 1272 4661 ὑπομεί-

176 4688 207 4755 7)
229 4686 237 4738 Ι
257 4685 323 4739 Peir.
342 4689 369 4753 4,
388 4690 412 4742 7.
719 4708 802 4738 varra.

176 4774 206 4838 8)
227 4772 311 4827 narrt.
331 4776 358 4837 6,
378 4775 418 4828 13.
438 4776 481 4841 26,
500 4776 543 4829 41.
739 4776 786 4830 141
805 4775 861 4828 Act.
882 4776 907 4838 5,
927 4775 969 4826 41,
999 4771 1095 4824 tran.
1113 4771 1140 4833 4,
1161 4769 1202 4822 to.

177 4860 207 4927 9)
226 4861 311 4912 xerat.
331 4862 374 4928 26,
392 4863 434 4916 41.
458 4864 534 4916 Marc.
555 4864 598 4929 14,
616 4863 658 4917 38.
705 4848 708 4866 ¹
739 4865 785 4923 15)
806 4863 840 4915 lta
852 4862 1010 4914 Jacobaonus
1029 4874 1044 4909 ο
1063 4856 1120 4908 cod.
1140 4855 1271 4908 ttettcao-

160 4948 206 5009 10)
227 4947 237 4999 Ι
255 4947 322 5001 Pete.
341 4949 366 5015 2,
386 4949 430 5004 21.
720 4950 898 5003 Laurentiano.
935 4945 1006 5015 t'utg.
1026 4940 1165 5008 d⁰5⁰'{⁰t“t·

158 5035 206 5102 tn
226 5033 236 5086 t
255 5034 323 5089 aare.
342 5036 368 5106 a,
387 5036 430 5092 aa.
706 5006 710 5093 i
