3067 6450
283 1184 310 1238 S.
329 1183 510 1240 Pottcnntt
530 1184 689 1239 bristout
708 1185 753 1238 AD
774 1185 1010 1243 l'lilbll’l'Ell'SES.
1028 1187 1068 1243 lX.
1086 1188 1117 1244 Χ.
1200 1189 1265 1257 267

136 1350 259 1412 ciamus.
305 1347 368 1410 lloc
394 1349 471 1411 enirn
495 1348 664 1430 exemplum
694 1348 781 1411 nobis
811 1351 911 1431 posuit
933 1351 962 1413 in
985 1369 1020 1415 sa
1043 1352 1126 1434 ipso,
1158 1357 1266 1414 einos

137 1456 147 1494 ¹
166 1455 195 1518 id
219 1454 407 1518 credidimus.

264 1645 313 1708 tx.
359 1644 548 1709 Exercenda
567 1646 751 1727 potientium
776 1647 918 1726 exemplo
942 1645 1058 1729 lpnotii
1082 1655 1136 1711 eto.

226 1765 340 1852 ²llogo
369 1769 469 1850 itaque
500 1786 556 1831 uos
588 1787 710 1849 omnes,
742 1776 775 1833 ut
805 1769 950 1833 obediatis
973 1766 1097 1834 ³verbo
1122 1772 1267 1854 justitiae,

136 1881 167 1937 et
191 1893 307 1938 omnem
331 1874 499 1955 patientiam
523 1878 707 1955 exerceatis,
740 1895 831 1957 quam·
850 1873 864 1912 ⁴
880 1882 910 1937 et
932 1877 1027 1940 oculis
1051 1879 1121 1960 ipsis
1142 1880 1267 1959 uidistis,

136 1998 198 2042 non
228 1980 324 2042 solum
354 1981 382 2040 in
415 1980 509 2041 beatis
532 1979 647 2063 lgnntio
678 1988 707 2043 et
739 1978 885 2043 ³Znsimo
916 1985 945 2042 et
966 1980 1062 2061 liuto,
1094 1982 1148 2044 sed
1179 1985 1267 2045 etiam

135 2087 165 2146 in
192 2085 272 2162 aliis,
303 2084 354 2166 qui
386 2103 424 2146 ex
447 2085 550 2162 vobis,
581 2102 616 2146 ao
641 2087 668 2148 in
693 2088 759 2168 ipso
783 2086 872 2149 Paulo
899 2089 1070 2169 ceterisque
1093 2087 1265 2169 Apostolis3

136 2185 254 2270 ⁶utqne
277 2190 341 2251 sitis
365 2190 519 2270 persuasi,
551 2189 630 2271 quod
654 2191 683 2252 bi
707 2209 812 2254 omnes
838 2185 894 2254 ⁷in
919 2211 1043 2256 vacuum
1069 2211 1126 2255 non
1155 2210 1267 2253 cucur-

136 2296 247 2372 rerint,
279 2292 333 2355 sed
357 2295 385 2355 in
409 2293 467 2355 lide
490 2313 525 2356 ao
543 2295 675 2377 justitin3
708 2302 738 2357 et
767 2296 847 2377 quod
878 2291 937 2359 ⁸in
969 2296 1069 2358 debito
1102 2297 1173 2377 ipsis
1196 2296 1265 2360 loco

135 2400 196 2461 sint
211 2397 287 2480 apud
305 2388 471 2477 Dominum,
494 2418 560 2461 uum
584 2418 643 2480 quo
668 2407 698 2462 et
720 2403 801 2481 passi
824 2407 900 2465 sunt.
944 2401 1011 2464 Non
1028 2401 1106 2464 enim
1123 2417 1266 2481 praesens

135 2505 270 2566 seculum
293 2503 479 2582 dilexerunt,
512 2503 566 2566 sed
590 2524 672 2583 eum,
704 2506 753 2586 qui
784 2524 838 2587 pro
868 2507 955 2571 nobis
980 2512 1114 2569 mortuus
1137 2513 1200 2585 est,
1232 2523 1267 2568 ao

136 2615 260 2691 propter
282 2625 340 2671 nos
363 2603 409 2671 ⁹a
431 2604 512 2692 [Deo
537 2615 582 2672 est
610 2605 634 2646 ¹⁰
648 2607 870 2695 resuscitatus}

452 2902 487 2967 Χ.
534 2902 724 2969 Adbortotio
748 2905 792 2968 od
813 2906 952 2970 virtutes.

225 3026 257 3088 ln
281 3025 327 3089 bis
351 3045 426 3109 ergo
450 3033 544 3105 state,
568 3033 599 3090 et
621 3028 739 3090 Domini
762 3028 917 3109 exemplar
940 3029 1115 3109 sequimini,
1138 3030 1213 3092 lirmi
1236 3029 1267 3092 in

136 3130 197 3193 lide
219 3138 249 3194 et
271 3133 481 3213 immutabiles,
510 3131 531 3169 ¹¹
548 3130 739 3195 fraternitatis
762 3140 920 3210 amatores,
946 3130 1104 3214 diligentes
1129 3135 1265 3212 invicem,

138 3239 167 3300 in
186 3239 311 3300 ueritate
326 3239 441 3317 sociati,
465 3238 718 3301 mansuetudinem
736 3236 762 3276 ¹²
775 3238 891 3300 Domini
912 3237 1044 3300 alterutri
1068 3244 1266 3318 praestantes,

138 3343 251 3408 nullum
274 3342 483 3425 despicientes.
528 3343 625 3417 Quum
648 3343 773 3424 potestis
798 3341 989 3420 benefacere,
1016 3342 1108 3405 nolite
1134 3341 1265 3420 dillerre,

138 3450 206 3529 quia
239 3444 474 3530 ”eleemosyna
505 3449 543 3509 de
573 3457 672 3511 morie
701 3447 823 3511 liberat.
876 3446 988 3509 Omnes
1021 3446 1107 3508 vobis
1139 3445 1266 3507 invicem

137 3552 266 3635 subjeoti
300 3560 413 3632 estote,
453 3550 475 3589 '⁴
492 3556 761 3620 ennoemationem
796 3562 932 3616 nestram
966 3550 1266 3633 irreprebensibilem

137 3659 286 3721 babentes
309 3659 343 3720 in
364 3659 518 3741 pentibus,
542 3667 576 3726 ut
594 3680 634 3723 ex
651 3660 737 3724 bonis
753 3659 895 3741 operibus
910 3657 1018 3719 uestris
1033 3662 1064 3719 et
1078 3674 1132 3719 uos
1148 3656 1267 3718 laudem
1352 3739 1356 3746 Ι

137 3765 298 3847 accipiatis,
322 3770 352 3826 et
368 3764 509 3828 Dominus
533 3766 561 3828 in
585 3766 672 3829 uobis
695 3783 754 3828 non
777 3764 1005 3845 blasphemetur.
1044 3758 1071 3799 ¹⁵
1084 3761 1144 3822 Vae
1168 3766 1267 3822 autem

137 3867 197 3947 illi,
230 3887 393 3958 perquem
416 3888 524 3933 nomen
548 3868 664 3933 Domini
696 3869 924 3951 blasphematur.
969 3867 1166 3933 sobrietatem
1189 3882 1266 3947 ergo

137 3971 245 4035 docete
268 3990 388 4051 omnes3
411 3974 441 4037 in
464 3991 522 4056 qua
545 3980 576 4036 et
598 3992 654 4038 uos
677 3974 908 4039 conversamini.

126 4252 204 4317 dieti,
217 4252 283 4305 nulla
296 4252 443 4321 interposita
457 4253 618 4305 distinctione
631 4261 688 4321 pon
714 4260 824 4306 neuteet.
854 4250 990 4302 Grammet.
1020 4248 1062 4302 ed.
1089 4247 1119 4302 V.
1151 4264 1176 4317 p.
1206 4247 1267 4314 112,

135 4337 200 4398 dud,
228 4340 348 4391 exhibent
373 4337 418 4388 τόν
443 4338 502 4389 λαόν
525 4338 596 4389 κενόν
614 4341 644 4408 [i.
664 4355 688 4392 e.
716 4340 757 4392 ed.
777 4339 821 4390 lll.·
840 4354 864 4406 p.
884 4338 934 4388 352
953 4353 992 4405 sq.

135 4424 233 4492 nerro'r]
259 4421 390 4489 ἕτοιμᾰζων
417 4447 438 4476 κ.
456 4428 530 4487 1-1,
557 4442 571 4477 1
600 4426 689 4496 qulbus
734 4426 780 4493 ll]
798 4423 849 4477 Clr.
872 4422 968 4476 [Peli.
994 4423 1027 4488 2,
1053 4423 1100 4474 17:
1127 4418 1170 4485 τήν
1193 4417 1267 4469 ridel·

135 4512 238 4566 seilicet
249 4514 332 4565 verbis
345 4516 466 4582 incipiunt
479 4513 610 4567 barnabae
623 4530 688 4582 qnae
714 4509 808 4576 rpdrpra
825 4506 944 4579 dpmrrire.
972 4514 1116 4562 sucessor.

135 4615 231 4669 graece
262 4610 405 4670 supersunt.
439 4604 582 4653 trcoason.
624 4600 688 4653 llide
735 4599 779 4663 12)
799 4601 906 4655 Domini
929 4599 1040 4649 restituit
1056 4593 1214 4647 Jncobeonue
1235 4606 1267 4644 ex

134 4703 212 4753 supra
230 4702 256 4753 p.
275 4686 299 4740 9.
319 4687 375 4739 tter.
397 4689 420 4741 l.
716 4682 780 4738 tot.
799 4684 873 4737 baur.

155 4775 201 4836 10)
223 4774 258 4824 lta
284 4773 337 4843 leg.
366 4788 412 4841 pro
439 4769 591 4833 dramdrra,
620 4774 687 4842 qnod
735 4771 780 4839 13)
798 4771 861 4825 lob.
880 4770 906 4835 1,
927 4770 968 4823 10.
989 4770 1030 4833 12,
1050 4768 1075 4819 9.

134 4857 263 4910 Eusebius
275 4859 360 4911 babet.
376 4864 467 4913 Uasra.
485 4858 561 4911 llolte
575 4859 689 4913 detenuit
734 4860 781 4924 11)
801 4859 810 4910 l
829 4857 896 4910 Petr.
914 4858 941 4921 2,
961 4857 1002 4907 12.
1223 4913 1227 4927 Ι

135 4945 275 4997 lectionem
289 4944 354 4999 llati.
367 4942 506 4997 ἅναστᾶνια
516 4942 690 4997 ὖπὸτοῦθσοῦ
734 4947 780 5013 15)
799 4943 851 4996 Cir.
879 4942 936 4996 lul.
964 4942 1014 5006 52,
1041 4924 1072 4991 5..
1097 4946 1124 4991 ol
1151 4937 1204 5011 lgn.
1234 4938 1266 4994 ad

133 5051 171 5087 =
182 5048 329 5107 runrpm
336 5036 425 5104 jussu
436 5037 495 5090 Dei.
519 5031 571 5087 cn.
588 5034 687 5101 Wiener,
715 5031 789 5084 Trull.
810 5048 832 5085 o.
851 5031 877 5082 8.
