3067 6450
478 1211 581 1264 INDEX
599 1209 714 1263 REllllll
732 1208 775 1262 ET
795 1207 1024 1266 Patsonteos.

180 1364 185 1371 '
223 1376 311 1447 menta
331 1367 467 1433 indivulsa,
488 1370 633 1440 frangentes
650 1389 739 1438 panem

223 1471 301 1506 unum
329 1456 387 1506 170.
425 1457 478 1507 ll'on
506 1458 564 1509 lieet
594 1458 739 1508 iarniliarius

223 1543 259 1592 uti
281 1542 416 1607 juventute
442 1545 556 1611 episcopi
580 1544 636 1595 171.
674 1542 739 1610 Epi-

224 1644 319 1696 scopos
339 1631 468 1696 praesidet
481 1631 537 1681 loeo
552 1631 610 1695 Dei,
628 1629 740 1695 Presby-

223 1718 273 1768 teri
304 1717 362 1767 locu
392 1727 493 1768 senatus
529 1718 677 1784 apostolici,
716 1726 742 1767 et

224 1801 333 1854 Diaconi
354 1805 526 1855 concreditum
551 1804 645 1855 habent
664 1805 740 1854 mini-

223 1891 330 1940 sterium
361 1889 422 1941 lesu
453 1890 542 1942 Christi
582 1892 636 1941 176.
683 1889 741 1940 Sine

224 1974 354 2043 Episcopo
375 1984 401 2027 et
418 1976 577 2043 l'resliyteris
597 1976 655 2028 nihil
678 1993 740 2043 per-

226 2062 352 2130 agendum
380 2069 434 2124 est,
461 2065 527 2131 qrrod
553 2064 584 2113 ad
607 2063 741 2115 ecclesiam

222 2140 325 2216 'spectat
351 2150 407 2199 176.
435 2149 493 2200 186.
522 2150 578 2200 190.
598 2149 657 2199 216.
682 2149 740 2199 226.

226 2235 316 2286 Valida
346 2235 495 2287 eucharistia
527 2237 651 2288 habeatur
688 2234 741 2298 illa,

227 2338 293 2390 quse
311 2322 358 2374 suh
377 2321 505 2391 Episcopo
530 2324 658 2391 peragitur
682 2321 740 2372 226.

227 2408 285 2459 Non
318 2408 378 2459 lieet
406 2411 460 2461 siue
490 2409 620 2478 Episcopo
657 2424 741 2476 neque

228 2495 369 2563 baptizare,
388 2512 473 2564 neque
491 2510 590 2562 agapen
610 2495 742 2546 celebrare

226 2586 289 2638 itis.
327 2581 376 2634 titt
402 2583 573 2649 comparuerit
592 2580 743 2649 Episcopus,

227 2668 264 2720 ihi
282 2677 309 2720 et
327 2669 461 2720 multitudo
474 2671 507 2720 sit
518 2672 580 2723 idid.
612 2670 661 2732 Qui
679 2668 743 2719 elam

227 2756 361 2824 Episcopo
375 2756 467 2824 aliquid
479 2758 538 2824 agit,
553 2755 654 2807 diabolo
667 2756 745 2807 servit

227 2848 291 2898 ists.
332 2842 371 2894 Ab
390 2841 530 2893 lloereticis
550 2857 597 2893 vos
615 2843 744 2894 custodire

228 2932 356 2999 poteritis,
379 2932 399 2980 si
419 2931 482 2980 uniti
501 2930 598 2981 fueritis
616 2928 745 2996 Episcopo

231 3018 291 3070 ¹90.
323 3015 371 3078 Qui
384 3019 439 3068 sine
451 3016 581 3084 Episcopo
596 3024 622 3066 et
634 3013 744 3082 presby-

230 3106 296 3157 terio
316 3113 342 3155 et
361 3103 479 3155 Diaronis
498 3104 624 3172 quidpiam
643 3103 704 3170 agit,
724 3102 745 3151 is

803 1375 865 1425 tavit
889 1373 940 1423 226
959 1389 1013 1441 sqq.
1051 1370 1198 1440 Frangimus
1223 1387 1314 1441 punem

802 1477 892 1524 unuin,
918 1461 959 1528 qui
982 1460 1142 1526 pharmacum
1164 1458 1313 1510 immortali-

803 1549 860 1597 tatis
879 1554 927 1610 est,
946 1544 1099 1610 antidotum,
1119 1561 1150 1597 ne
1170 1546 1315 1609 moriamur,

802 1633 848 1682 sed
862 1634 975 1683 vivamus
988 1648 1090 1699 semper
1104 1633 1128 1682 in
1141 1630 1202 1683 lesu
1216 1628 1316 1681 Christo

808 1719 862 1770 170.
882 1717 1039 1770 Eucharistia
1053 1727 1092 1770 est
1106 1721 1179 1786 panis
1191 1717 1240 1769 Dei
1255 1715 1316 1779 156;

803 1803 961 1856 Eucharistiae
989 1814 1027 1857 est
1055 1807 1127 1872 panis
1150 1804 1215 1868 Dei,
1244 1804 1317 1872 panis

803 1891 930 1956 eoelestis,
949 1894 1019 1959 panis
1041 1894 1118 1957 vitae,
1139 1907 1198 1943 caro
1212 1889 1316 1953 Christi3

805 1988 829 2030 et
855 1987 929 2046 potus
952 1978 999 2029 Dei
1023 1980 1127 2048 sanguis
1152 1979 1230 2044 ipsius
1256 1976 1317 2029 206.

804 2065 859 2117 Una
897 2066 1048 2116 eucharistia
1090 2063 1225 2126 utendum;
1268 2077 1317 2113 una
1385 2110 1388 2117 ,

805 2154 872 2203 enim
892 2161 932 2203 est
950 2168 1010 2203 earo
1023 2150 1124 2201 Domini
1138 2157 1164 2201 et
1177 2165 1240 2201 unus
1253 2148 1318 2200 calix

805 2247 832 2290 et
850 2256 926 2291 unum
939 2239 1019 2290 altare
1032 2236 1091 2288 212.
1119 2235 1206 2288 l'alids
1220 2234 1317 2287 eucha-

804 2327 873 2377 ristia
893 2325 1016 2376 habeatur
1034 2322 1085 2389 illa,
1104 2339 1170 2391 quae
1189 2321 1236 2373 suh
1250 2318 1316 2388 Epi-

805 2429 884 2480 scopo
904 2413 1047 2480 peragitur,
1074 2408 1115 2460 vel
1137 2409 1251 2473 subeo,
1277 2409 1317 2457 cui

806 2501 860 2567 ipse
880 2498 1042 2549 concesserit.
1079 2495 1136 2547 llon
1159 2495 1234 2560 lieet,
1261 2495 1317 2545 sine

805 2585 935 2653 Episcopo
967 2598 1065 2651 agapen
1096 2580 1227 2634 celebrare
1257 2580 1317 2630 228.

807 2671 873 2724 Utile
901 2678 939 2722 est
966 2665 1077 2735 dymrds,
1104 2677 1132 2719 ut
1156 2683 1318 2736 resurgamus

806 2759 865 2811 228.
896 2757 935 2809 Ab
947 2755 1044 2825 lgnatio
1061 2758 1126 2823 fides
1140 2770 1242 2823 quoque
1258 2770 1318 2806 earo

808 2843 908 2894 Domini
921 2852 1037 2906 uocatur,
1050 2851 1076 2895 et
1085 2846 1203 2896 charitas
1215 2842 1318 2910 sanguis

807 2927 898 2981 Christi
911 2929 967 2980 192.
982 2929 1020 2980 ab
1031 2929 1180 2980 eucharistia
1192 2928 1318 2980 abstinent

808 3017 939 3080 haeretici,
960 3031 1062 3066 earnem
1076 3012 1166 3066 Christi
1186 3030 1242 3066 eam
1261 3028 1318 3064 esse

807 3112 931 3173 negantes
950 3103 1001 3154 226
1019 3117 1057 3170 sq.

229 3208 281 3245 nou
301 3199 341 3245 est
358 3191 464 3243 mondus
477 3193 500 3243 in
514 3189 669 3243 couscientia
683 3190 745 3241 stit.
774 3190 900 3258 Euplus
923 3208 937 3243 a
955 3189 980 3244 S,
999 3188 1097 3260 lgnatio
1121 3186 1238 3240 laudatur
1262 3186 1319 3242 152.

231 3279 361 3348 Episcopo
375 3279 509 3343 attendite,
522 3287 549 3330 ut
559 3286 585 3330 et
595 3275 747 3328 lleusvohis
773 3279 939 3332 Enrecnus
970 3295 983 3330 s
1016 3277 1041 3329 s.
1071 3276 1169 3346 lgnatio
1204 3274 1321 3327 laudatur

233 3366 348 3418 attendat
378 3367 438 3417 210.
464 3347 613 3432 'Quotquot
642 3360 691 3414 Dei
722 3370 747 3412 et

809 3366 867 3417 232.

233 3452 326 3505 Christi
344 3461 411 3517 sunt,
432 3451 456 3502 hi
478 3459 535 3502 sunt
550 3466 605 3501 eum
617 3447 747 3517 Episcopo
774 3451 954 3522 Evangelii
965 3453 1115 3521 principium
1126 3450 1183 3503 118.
1196 3449 1224 3502 ln
1231 3448 1321 3501 Evan-

234 3541 295 3592 212.
346 3540 383 3591 Sit
413 3555 488 3589 unum
519 3538 598 3590 altare
629 3543 655 3585 et
683 3551 747 3586 uuus

233 3626 378 3695 Episcopus
408 3630 469 3680 ilici.
510 3623 598 3676 Oldeia
626 3623 746 3691 Episcopi

233 3716 285 3766 234
298 3729 369 3782 sqq.;
389 3713 532 3780 Episcopus
545 3727 635 3763 omnes
651 3710 746 3761 adhor-

232 3809 318 3865 tetur,
345 3809 373 3852 ut
401 3800 529 3852 salventur
553 3800 621 3861 234;
647 3797 747 3848 unitatis

234 3905 320 3941 euram
333 3888 427 3940 habeat
439 3891 516 3949 ihid.;
536 3902 623 3937 omnes
636 3884 748 3952 perierat

233 3980 316 4038 itit.;
350 3975 469 4043 precibus
504 3982 579 4024 vacet
615 3971 747 4039 perpetuis

231 4067 310 4125 ibid-3
352 4062 432 4113 malos
471 4058 663 4111 mansuetudine
699 4055 746 4108 sibi

232 4147 351 4214 subjiciat
374 4148 441 4211 236;
469 4148 500 4198 sit
523 4145 623 4198 sobrius
647 4151 675 4194 ut
701 4142 747 4193 Dei

232 4235 327 4286 athleta
353 4238 434 4298 ilici.;
463 4234 551 4286 viduas
576 4246 608 4280 ne
632 4226 747 4295 negligat

231 4323 300 4384 2383
329 4337 417 4373 servos
442 4329 468 4372 et
492 4317 595 4370 ancillas
622 4330 653 4364 ne
681 4328 746 4363 con-

233 4416 331 4459 temnat
357 4412 434 4471 itis,
463 4405 579 4459 Omnium
606 4399 747 4468 Episcopus

232 4502 271 4546 est
291 4494 360 4546 Deus
381 4496 438 4547 171.

199 4578 354 4649 Epitropi
372 4598 437 4633 uxor
448 4580 571 4632 salutatur
583 4594 597 4629 a
611 4577 636 4629 S.
650 4574 748 4644 lgnatio

233 4668 293 4719 212.

199 4750 323 4806 Esther
340 4754 454 4823 perlecta
473 4756 497 4804 in
516 4753 566 4805 lide
588 4754 646 4805 tas.

198 4836 413 4893 Eucharistia
435 4850 474 4893 est
491 4855 551 4892 earo
565 4839 664 4903 Christi,
683 4854 748 4907 quae

809 3541 877 3610 gello
897 3537 988 3591 Christi
1014 3539 1096 3607 passio
1120 3538 1194 3588 nohis
1219 3544 1322 3589 ostensa

809 3636 849 3680 est
867 3634 893 3677 et
911 3627 1065 3679 resurrectio
1083 3624 1143 3676 226.
1174 3621 1213 3675 Ad
1232 3622 1322 3674 Eran-

809 3713 901 3782 gelium
928 3713 1117 3779 confugiamus,
1146 3720 1263 3778 tanquam
1289 3709 1321 3761 ad

809 3817 909 3851 carnem
922 3799 982 3851 lesu
1002 3799 1062 3851 211.
1087 3794 1252 3865 Evangeliuru
1270 3810 1320 3846 an·

810 3889 951 3939 nuntiarunt
961 3886 1104 3953 Prophetae
1116 3887 1177 3938 ilid.
1197 3880 1322 3933 Eximium

810 3973 927 4042 quiddam
938 3973 1014 4026 hahet
1021 3971 1197 4040 Evangelium,
1207 3969 1322 4022 nimirum

810 4059 946 4113 adventum
983 4058 1138 4121 salvatoris,
1178 4057 1322 4123 passionem

810 4150 886 4215 ipsius
900 4157 925 4199 et
936 4144 1148 4201 resurrectionem
1158 4141 1219 4193 218.
1234 4139 1324 4193 Eran-

810 4233 903 4301 geliom
923 4242 962 4284 est
981 4227 1107 4300 perfectio
1129 4228 1324 4296 incorruptionis

808 4322 870 4373 ilid.
884 4318 949 4369 llale
959 4314 1071 4369 nonnulli
1080 4316 1174 4382 dieunt,
1182 4313 1322 4383 Evangelio

810 4420 860 4456 non
879 4405 968 4472 eredo,
986 4406 1033 4457 nisi
1053 4405 1175 4456 invenero
1194 4403 1219 4453 iu
1238 4401 1322 4450 docu-

811 4494 900 4544 mentis
930 4495 990 4546 216.
1033 4488 1203 4560 Evangelium
1233 4484 1324 4537 sciuri

811 4589 979 4649 comparatur,
992 4578 1038 4631 snb
1052 4578 1124 4643 cnjus
1136 4572 1224 4625 umbra
1234 4583 1323 4621 omnes

810 4666 898 4734 populi
917 4674 984 4720 stant
1002 4666 1060 4716 102.

777 4753 957 4823 Evangelii
980 4748 1159 4805 secuudum
1184 4743 1322 4813 Aegyp·

810 4843 878 4892 tius
899 4841 970 4892 lucus
991 4838 1047 4889 tta.

231 4944 279 4997 pro
311 4931 424 4996 peccatis
460 4929 552 4978 nostris
587 4941 663 4994 passa
700 4934 748 4989 est,
776 4926 959 4979 Erarestus
989 4923 1090 4990 scripsit
1121 4928 1177 4973 acta
1209 4916 1322 4984 martyrii

234 5027 310 5083 quen
329 5013 401 5067 Pater
420 5030 465 5066 sua
489 5015 648 5084 benignitate
667 5013 748 5065 maei-

249 5120 315 5160 rom
328 5126 393 5171 apest.
408 5120 445 5159 lid.
461 5120 495 5159 iv.

811 5012 835 5065 S.
855 5011 986 5078 Polycarpi
1005 5009 1066 5062 262.

1074 5094 1117 5162 30

1247 1195 1424 1276 451”
