3067 6450
419 1191 449 1246 n.
468 1191 651 1246 CLEMENTIS
677 1191 723 1244 AD
744 1190 817 1245 COR.
837 1192 856 1246 i.
875 1192 906 1246 n.
925 1192 966 1246 ΙΙΙ.
1198 1195 1261 1261 137

127 1342 285 1419 miseratus
308 1361 354 1418 cst
378 1372 451 1432 nos,
484 1360 511 1416 et
543 1353 710 1416 visceribus
740 1359 904 1416 commotus
936 1355 1038 1417 seinos
1070 1345 1160 1435 tecit,
1193 1375 1259 1419 cum

127 1467 294 1542 spectasset
316 1461 345 1524 in
368 1459 455 1544 nobis
479 1458 600 1521 multum
625 1476 760 1520 errorem
785 1465 874 1537 nique
898 1459 1060 1537 interitum,
1092 1478 1148 1521 nec
1172 1461 1260 1523 nilum

128 1584 184 1628 nos
206 1565 318 1628 habere
342 1582 427 1645 spcm
450 1561 562 1640 solutis,
586 1562 642 1625 nisi
666 1580 741 1637 eain,
766 1580 845 1641 qnne
861 1563 896 1623 ub
919 1563 984 1642 ipso
1006 1569 1060 1624 est.
1109 1562 1117 1601 ¹
1138 1566 1263 1629 Voconii

129 1669 207 1732 enim
231 1686 297 1748 eos,
320 1669 370 1748 qui
395 1683 607 1744 noueremus,
631 1672 661 1728 et
683 1665 777 1727 notuit
801 1684 818 1727 e
843 1664 934 1729 nihilo
958 1684 1116 1731 essenos.

1257 1755 1278 1793 0

130 1862 162 1926 il.
201 1862 356 1937 Ecclesia,
379 1861 472 1939 prius
493 1859 623 1936 eteritis,
646 1859 813 1921 vocatione
835 1858 972 1938 pentium
994 1858 1072 1920 mire
1092 1856 1261 1935 foecunda.

220 1981 383 2045 ²Lueture
412 1981 549 2058 sterilis,
584 2000 665 2061 quoe
694 1999 758 2042 non
786 1982 899 2060 par·is;
933 1999 1057 2060 erumpe
1089 1990 1119 2042 et
1151 1983 1263 2059 clonia,

132 2107 213 2169 quoe
237 2106 298 2149 non
317 2087 484 2165 parturis;
507 2086 657 2166 quonium
680 2087 767 2148 multi
788 2087 848 2166 ptis·
872 2087 1026 2163 desertae,
1050 2089 1150 2166 inopis
1174 2108 1265 2168 quum
1339 2099 1341 2103 '

131 2195 221 2271 ejus,
252 2210 333 2271 quoe
354 2190 447 2253 habet
469 2191 581 2252 cirum.
627 2189 714 2264 Quod
745 2189 835 2251 dixit:
869 2190 989 2265 turture
1013 2194 1151 2267 eteritis,
1184 2211 1265 2272 ptine

132 2316 198 2361 non
218 2297 321 2376 puris,
345 2313 402 2358 nos
425 2295 551 2371 indicnt;
574 2294 684 2357 sieritis
708 2294 786 2356 enim
811 2302 875 2357 crut
895 2297 1022 2358 ecclesie
1039 2302 1152 2374 nostru,
1176 2303 1265 2358 anic-

134 2418 223 2481 qnmn
247 2399 276 2459 ei
298 2397 358 2459 riuti
382 2405 484 2460 esseni
507 2397 567 2460 tilii.
614 2396 701 2471 Quod
726 2416 801 2460 vero
829 2398 917 2460 dixit:
951 2401 1066 2477 clama,
1097 2420 1177 2480 pune
1201 2419 1266 2463 non

128 2504 294 2586 porturis,
317 2502 376 2566 hoc
399 2501 484 2565 dicit:
516 2519 623 2583 preces
646 2508 767 2563 nostrus
792 2503 880 2582 piano
903 2504 940 2565 ati
964 2506 1059 2568 Deum
1086 2506 1264 2585 referamus,

134 2627 197 2672 non
214 2642 254 2653 —
271 2609 493 2689 parturientium
511 2607 602 2668 instar
623 2642 663 2649 —
687 2602 893 2669 ³desrcicntes.
940 2609 1027 2683 Quod
1051 2618 1148 2672 cutem
1173 2611 1266 2672 dixit:

136 2713 216 2794 quic
238 2713 324 2774 multi
344 2714 404 2792 filii
427 2712 581 2787 desertae,
607 2711 705 2790 mupis
723 2730 816 2790 quiem
832 2716 910 2792 ejus,
934 2734 1014 2795 quac
1032 2715 1125 2777 iubet
1144 2717 1266 2790 cirum3

136 2818 167 2881 id
197 2817 286 2897 dixit,
318 2817 456 2899 quonium
485 2817 612 2898 populus
643 2822 747 2879 noster
777 2816 915 2881 desertus
946 2837 1016 2882 esse
1047 2819 1203 2883 videbatur
1234 2826 1266 2884 ot

137 2923 203 2985 Deo
227 2922 356 3000 orbatus,
381 2941 460 2985 nuno
480 2940 565 2998 vero,
590 2940 655 2983 cum
673 2920 833 2998 credimus,
858 2919 983 3005 ⁴plurcs
1007 2922 1075 2986 tucti
1095 2942 1198 2987 sumus
1219 2923 1265 3002 iis,

138 3028 190 3110 qui
227 3027 319 3090 Deum
352 3027 465 3089 hebere
500 3027 707 3088 censebantur.
763 3025 828 3088 Atta
866 3044 986 3108 quoquo
1021 3027 1173 3108 Scriptura
1211 3028 1266 3089 nit:

140 3129 234 3196 ⁵non
262 3132 335 3194 cerri
360 3149 474 3193 occure
498 3132 626 3209 justos,
658 3132 715 3192 sed
741 3139 934 3209 peccatores.
980 3133 1044 3195 Hoc
1068 3131 1153 3207 dicit,
1187 3130 1268 3211 quod

141 3240 249 3302 debeat
270 3243 432 3320 pereuntes
455 3255 588 3301 servare.
634 3238 665 3299 lt
690 3238 768 3299 enim
793 3255 930 3318 inrsgnum
958 3242 987 3298 ct
1010 3236 1181 3298 admirabile
1204 3241 1266 3298 estc

139 3344 262 3421 fulcire,
297 3361 357 3406 non
392 3361 468 3423 quae
498 3348 594 3420 stant,
627 3342 680 3404 scd
714 3360 791 3421 quac
826 3340 942 3402 catum.
988 3341 1038 3403 Sic
1069 3348 1100 3402 ct
1132 3339 1269 3402 Christus

139 3444 293 3511 ⁶servuro
316 3448 409 3510 voluit
431 3448 603 3528 perennius,
627 3454 657 3507 ct
681 3444 788 3506 multos
811 3445 953 3523 servavit,
982 3445 1107 3507 ueniens
1131 3463 1268 3505 vocans·
1310 3507 1315 3514 ,

141 3571 200 3633 que
223 3570 279 3614 nos
299 3554 361 3635 jum
386 3556 556 3632 pereuntes.

141 3742 185 3805 tlt.
227 3742 435 3823 Confitecmur
451 3741 615 3818 Christum,
633 3739 790 3819 facientes
806 3740 957 3802 nmndutn
973 3743 1050 3819 ejus,
1072 3748 1102 3802 ct
1116 3761 1157 3802 cc
1174 3742 1270 3803 corde

557 3867 624 3909 eum
646 3849 848 3910 honorantes.

231 3970 304 4034 Cum
333 3970 425 4053 igitur
454 3977 562 4035 tantem
593 3970 827 4033 misericordiam
858 3987 931 4052 ergo
963 3986 1019 4032 nos
1051 3970 1116 4050 ipsc
1148 3968 1271 4032 iecerit:

143 4077 239 4158 primo
263 4073 398 4155 quidem,
421 4074 501 4156 quod
525 4093 596 4153 nos,
620 4076 670 4155 qui
694 4076 837 4153 vivimus,
861 4073 916 4137 diis
940 4075 1064 4136 mortuis
1087 4092 1148 4136 non
1172 4075 1271 4136 sucri-

144 4180 276 4257 ticemus,
298 4197 355 4241 nec
377 4177 536 4242 odoremus
560 4196 631 4257 cos,
659 4179 713 4241 sed
737 4181 910 4261 peripsum
936 4180 1133 4262 cognovimus
1157 4184 1274 4260 patrem

146 4285 296 4360 sensatim
319 4301 464 4364 quaenam
489 4289 534 4345 est
556 4285 689 4366 cognitio
714 4284 750 4347 ud
775 4302 843 4345 eum
867 4282 1047 4364 perducens,
1076 4284 1132 4344 nisi
1156 4291 1188 4344 ut
1212 4300 1274 4345 non

145 4393 291 4471 negemus
322 4388 419 4465 ilium,
450 4406 506 4469 por
535 4405 623 4467 quem
647 4407 715 4451 eum
739 4386 964 4470 cognovimus?
1009 4387 1057 4449 Au
1084 4405 1159 4448 vero
1186 4389 1274 4448 etium

146 4493 225 4575 ipse:
252 4486 332 4572 'qui
353 4512 400 4554 me
423 4493 588 4573 confessus
610 4490 708 4569 suerit
737 4511 845 4554 corum
875 4490 1070 4566 nominibus,
1105 4490 1276 4569 confitebor

147 4615 213 4658 eum
243 4614 349 4658 coram
374 4604 467 4676 putre
495 4614 572 4659 meo.
617 4596 699 4657 Haec
731 4602 776 4658 cst
811 4597 909 4677 itaque
943 4613 1058 4659 merces
1093 4602 1215 4670 nostru,
1248 4592 1274 4653 si

147 4771 256 4839 pliciter
267 4771 302 4823 d
314 4772 397 4822 Deum
411 4771 589 4838 perferamur,
607 4784 697 4837 neque,
762 4769 790 4832 5)
810 4767 896 4818 Mutth.
916 4766 942 4830 9,
962 4764 1002 4817 1³.
1039 4762 1098 4815 Luc.
1118 4763 1144 4826 5,
1164 4761 1205 4812 32.

149 4865 177 4909 nt
193 4859 389 4922 parturientes,
408 4858 594 4920 reciperemur.
761 4856 790 4921 6)
811 4854 898 4906 Mettis.
919 4851 962 4915 tu,
981 4852 1022 4902 tt.

184 4942 213 5005 ⁴)
231 4939 269 4992 itu
286 4941 395 5011 loquens
412 4939 578 4993 reticentem
593 4942 699 5008 iudicet,
763 4943 791 5005 7)
814 4939 899 4992 Mettis.
921 4937 962 5005 10,
981 4936 1023 4989 32.

150 5042 200 5082 uon
217 5026 351 5080 tunicum.
380 5030 526 5082 coricum.
