3067 6450
405 1214 426 1266 1.
446 1211 628 1267 cususurts
647 1211 691 1267 All
712 1212 786 1267 COR.
804 1212 889 1266 XLili.
907 1212 991 1266 xttv.
1200 1218 1262 1284 113

137 1373 289 1454 principes
312 1372 422 1435 afferre
444 1375 500 1436 sibi
524 1376 642 1459 virgae,
674 1393 750 1455 quae
773 1375 1010 1455 uniuscujusque
1038 1377 1130 1438 tribus
1154 1395 1264 1439 nornen

137 1478 313 1557 inscriptum
330 1477 482 1540 haberent.
521 1478 601 1551 Quas
625 1497 691 1541 eum
714 1480 891 1561 accepisset,
916 1481 944 1541 in
967 1479 1138 1542 fasciculum
1154 1481 1265 1563 ligavit,

138 1589 168 1644 et
195 1580 336 1644 ¹annuiis
359 1583 524 1663 principum
549 1584 675 1645 tribuum
698 1584 836 1665 signavit,
861 1591 891 1645 et
914 1585 941 1645 in
965 1585 1156 1646 tabernaculo
1177 1585 1265 1646 testi-

138 1686 230 1748 monii
253 1704 346 1766 super
369 1705 499 1748 mensam
523 1687 578 1748 Dei
603 1687 740 1769 deposuit
764 1706 824 1750 eas.
872 1688 1040 1766 clausoque
1073 1689 1265 1751 tabernaculo

138 1791 240 1853 claves
268 1792 404 1853 similiter
433 1797 462 1853 et
491 1786 770 1875 virgas'signavit,
805 1799 836 1854 et
865 1792 938 1853 dixit
968 1793 1028 1853 eis:
1060 1793 1117 1854 viri
1148 1792 1266 1871 iratres,

138 1897 225 1973 cujus
257 1896 350 1958 tribus
378 1896 463 1978 virga
493 1884 724 1978 gericinaverit‚
754 1897 831 1959 hanc
862 1897 954 1978 elegit
977 1897 1073 1974 Deus,
1105 1914 1181 1975 quae
1211 1897 1267 1977 ipsi

138 2017 227 2061 sacra
250 1999 337 2061 iaciat
360 2006 388 2061 et
412 2001 564 2062 ministret.
610 2001 698 2062 diana
729 2008 828 2062 autem
860 2000 938 2063 lacto
969 2003 1168 2083 congregavit
1197 2002 1267 2062 uni-

139 2122 262 2166 versum
293 2103 434 2184 populum
464 2104 573 2182 lsrael,
610 2112 752 2168 sexcenta
784 2107 871 2168 millia
903 2108 1053 2185 virorum,
1084 2113 1114 2167 et
1142 2107 1268 2168 tribuum

140 2209 325 2291 principibus
348 2209 444 2290 sigilla
468 2209 616 2287 ostendit,
646 2212 869 2274 tabernaculum
893 2212 1052 2274 testimonii
1074 2212 1208 2292 aperuit,
1239 2216 1269 2272 et

139 2314 245 2393 uirgas
268 2312 397 2393 protulit.
442 2312 479 2376 Et
502 2316 622 2377 inventa
646 2323 692 2377 est
715 2317 800 2397 virga
820 2317 949 2378 Aaronis
972 2334 1032 2379 non
1057 2321 1167 2377 tantum
1192 2333 1269 2396 gar-

141 2418 290 2494 minasse,
313 2416 366 2480 sed
390 2423 420 2478 et
442 2417 569 2481 fructum
593 2418 706 2481 serens.
753 2419 845 2497 Ouid,
870 2421 987 2497 dilecti,
1014 2421 1101 2482 vobis
1125 2417 1270 2481 videtur?

140 2525 189 2584 An
214 2521 272 2585 hoc
297 2520 425 2584 laturum
455 2541 517 2586 non
548 2526 750 2606 praesciverat
774 2525 921 2606 Moyses?
967 2527 1093 2588 Maxime
1124 2532 1269 2600 noverat;

141 2645 247 2688 verum
270 2645 310 2688 ue
331 2627 438 2690 seditio
463 2629 492 2690 in
515 2631 627 2711 populo
650 2629 742 2691 lsrael
765 2631 911 2708 oriretur,
934 2631 972 2692 ita
997 2650 1032 2692 se
1055 2628 1190 2712 ²gessit,
1214 2627 1272 2691 ³ut

142 2749 254 2792 nomen
284 2729 380 2793 ⁴eeri
411 2740 440 2794 et
467 2734 571 2796 solius
599 2735 661 2796 Dei
691 2735 929 2816 glorificaretur,
963 2737 1011 2799 cui
1043 2738 1081 2800 sit
1111 2737 1207 2819 gloria
1240 2735 1270 2796 in

143 2837 247 2899 secula
271 2837 450 2901 seculorum.
495 2836 609 2901 Amenl

143 3027 244 3090 XLIV.
283 3027 504 3108 Apostolorum
528 3030 696 3110 institutio,
719 3051 758 3094 ne
781 3034 820 3095 de
839 3052 965 3093 munere
984 3031 1176 3093 sacerdotali
1193 3049 1272 3092 coa·

145 3132 244 3195 lentio
267 3133 331 3210 fiat.
369 3132 519 3212 Lepitime
542 3135 656 3198 electos
680 3157 719 3198 cc
740 3146 823 3199 recte
846 3139 985 3216 cicentes
1007 3139 1045 3198 de
1066 3155 1191 3197 munere
1214 3153 1273 3197 suo

526 3257 585 3317 per
607 3244 699 3322 nefas
722 3244 889 3321 dejecistis.

234 3357 373 3440 Apostoli
406 3377 527 3440 quoque
558 3365 655 3424 nostri
688 3382 743 3444 per
773 3363 877 3425 lesum
909 3362 1056 3423 Christum
1088 3359 1273 3422 ⁵Dominum

145 3471 282 3526 nostrum
312 3471 538 3546 cognoverunt,
569 3469 792 3530 contentionem
827 3465 865 3526 de
896 3462 1045 3528 ⁶nomine
1077 3464 1274 3545 Episcopatus

145 3568 347 3641 oborituram3
371 3568 410 3630 ob
435 3587 498 3630 eam
523 3589 598 3652 ergo
622 3589 750 3646 causam,
775 3569 907 3652 perlecta
926 3570 1120 3649 praescientia
1139 3566 1274 3648 praediti,

145 3675 364 3735 constituerunt
389 3666 593 3754 'praedictos
617 3694 652 3736 ac
669 3669 834 3755 ⁸deineeps
858 3668 1098 3736 ⁹ordinationem
1117 3671 1273 3750 dederunt,

144 3842 223 3885 naara,
244 3833 272 3876 ut
290 3823 345 3877 Aet.
363 3826 404 3892 13,
419 3827 460 3880 42.
481 3836 506 3880 at
525 3827 600 3880 Earn.
619 3828 696 3897 Epist.
729 3831 895 3898 i'ersaipnnp,
918 3828 990 3895 quasi
1010 3824 1123 3892 Apostoli
1142 3827 1171 3878 ei
1188 3834 1273 3878 terta.

145 3927 167 3963 ⁰·
189 3911 229 3962 ¹⁰·
257 3916 315 3964 1¹¹⁰·
725 3922 804 3968 rnerrti
829 3915 1004 3976 ordinassent,
1033 3914 1093 3978 ipsis
1118 3911 1274 3979 (Apostolis)

179 3995 453 4062 ἫῈΜΥθμῆᾹὙΨΝ
465 4000 696 4070 derivatum,npud
725 4002 851 4051 deiunctis
885 3999 939 4064 (ida
972 4000 1131 4061 κοιμηθώσυ)
1165 4001 1275 4063 ipsorum

145 4087 265 4151 antiquos
288 4084 320 4136 de
340 4085 399 4150 jure
421 4093 548 4156 pascendi
565 4108 592 4141 m
612 4095 698 4143 alieno
725 4088 930 4154 (Apostolorum)
950 4102 1038 4137 nrunus
1058 4083 1114 4146 (ria
1129 4085 1275 4148 irrumpier

146 4180 172 4222 tl
202 4173 235 4221 de
269 4173 422 4239 departiaae
455 4179 526 4245 ionis
562 4176 697 4243 [Stephani
725 4173 827 4235 cirria),
847 4173 1011 4239 presbyteros
1028 4180 1052 4224 et
1070 4166 1274 4232 diaconos(im-

146 4256 237 4324 Thes]
259 4267 400 4325 usurpatur.
436 4260 486 4312 Sed
508 4278 556 4313 vox
575 4266 621 4312 ista
643 4263 697 4312 lar·
725 4259 803 4319 neoni)-
820 4277 895 4311 sensu
915 4260 1008 4319 latiori)
1026 4258 1146 4324 eligendi,
1167 4256 1198 4305 ad
1212 4255 1274 4305 alios

146 4353 215 4395 ‘⁸⁸⁸0
240 4347 315 4395 Olim
340 4359 355 4395 ⁸
378 4343 452 4409 νόμος
474 4349 584 4399 derivari
604 4356 697 4411 potest,
726 4346 849 4411 probatos
867 4355 893 4397 et
912 4347 1018 4397 eximios
1034 4347 1102 4393 viros
1119 4345 1149 4405 (i.
1164 4358 1187 4392 e.
1203 4345 1273 4409 Epi-

146 4433 179 4481 ita
191 4439 219 4481 ut
227 4442 405 4499 paeceptum,
418 4435 609 4487 ordinationem
618 4436 697 4501 signi·
725 4451 823 4501 scopos
842 4441 928 4482 nostro
948 4433 1036 4489 sensu)
1050 4432 1155 4480 transire
1168 4427 1273 4477 debera.

147 4515 214 4567 ficet.
247 4519 469 4573 llenmondueet
486 4524 698 4572 Wottaauaver·
726 4523 809 4571 liotlae
833 4520 900 4570 eninr
924 4524 1052 4578 autumat,
1080 4519 1153 4568 ireoi
1178 4522 1274 4564 tantum

146 4609 246 4653 ierunt:
262 4608 370 4668 emim,
383 4609 489 4659 aradum
500 4610 696 4670 recensionis,
725 4614 784 4656 ante
804 4613 910 4656 mortem
925 4620 995 4654 sunna
1009 4601 1147 4668 Apostolos
1160 4599 1274 4650 ordinem

149 4704 180 4739 ⁶⁰
194 4690 284 4753 llffll¹l2
301 4690 370 4757 quod
383 4706 434 4742 von
445 4689 550 4754 increpo
562 4690 698 4757 aliquando
726 4690 894 4758 Episcopatus
917 4669 1084 4750 instituisses
1098 4701 1173 4753 quum
1198 4692 1274 4734 antea

147 4775 427 4844 Ιῑῑῦῐῦῦθῑκπιαλὲγειν,
446 4779 463 4829 i.
477 4793 500 4829 ο.
516 4781 697 4847 cataiopoaal-
726 4794 776 4830 uon
795 4779 842 4828 nisi
861 4774 1004 4838 Presbyteri
1029 4774 1085 4839 (qui
1110 4780 1135 4822 at
1153 4770 1274 4837 Episcopi

147 4865 275 4916 acriiera·
312 4865 442 4932 Hesychia
467 4862 582 4925 ὶπίνομος
604 4872 643 4914 est
662 4885 696 4910 =
725 4863 895 4929 vocabantur)
930 4870 956 4912 et
988 4858 1093 4909 Diaconi
1126 4857 1273 4907 existerent.

147 4944 299 5011 siwardum,
319 4963 370 5016 quo
388 4948 560 5004 tultusltotie
577 4948 697 5017 (Aniing.
710 4967 713 5036 p
726 4949 776 5001 Sed
795 4952 851 5001 viro
870 4948 947 4998 docto
971 4943 1098 4994 accedere
1123 4940 1196 4992 nobis
1222 4955 1274 4992 non

146 5050 172 5103 p·
191 5033 244 5085 374
262 5035 314 5101 sq.)
332 5034 429 5086 reddit:
456 5035 812 5102 rutmmartaeneptubet,
838 5042 865 5085 at
889 5048 921 5084 ex
944 5037 1031 5082 nostra
1056 5030 1174 5081 versione
1196 5026 1273 5079 latina

198 5138 342 5187 rum-m
356 5137 394 5177 aa.
409 5138 444 5179 ru.
1044 5115 1066 5181 8
