3067 6450
491 1197 650 1255 turtswtn
668 1197 715 1254 ab
734 1198 936 1256 utoonttttttt.
953 1201 984 1258 x.
1002 1201 1043 1256 xt
1266 1206 1330 1274 317

200 1380 288 1427 suam
312 1359 467 1442 formavit,
498 1361 534 1425 ad
558 1380 635 1444 qnos
658 1361 747 1426 blium
771 1382 856 1428 suurn
883 1366 1067 1450 unigenitum
1098 1365 1191 1445 misit,
1222 1367 1329 1449 quibus

202 1468 339 1531 coeleste
369 1486 495 1550 regnum
526 1468 677 1551 promisit,
708 1477 738 1531 et
768 1469 849 1532 dabit
876 1471 930 1550 iis,
961 1473 1011 1552 qui
1034 1472 1130 1553 ipsum
1154 1470 1330 1536 dilexerunt

199 1573 361 1654 Postquam
396 1581 494 1636 antem
531 1571 635 1636 ¹illurn
671 1575 869 1657 cognoveris,
904 1583 1012 1656 quanta
1046 1582 1076 1639 te
1111 1576 1261 1659 impletum
1294 1577 1330 1640 iri

201 1678 313 1742 laetitia
336 1677 514 1741 existimas?
561 1677 621 1740 dot
644 1678 795 1758 quomodo
819 1678 927 1762 diliges
951 1700 1036 1760 eum,
1063 1680 1112 1762 qui
1135 1683 1217 1764 prior
1239 1689 1270 1745 te
1291 1683 1332 1745 ita

201 1784 367 1848 dilexerit?
413 1783 563 1862 sianum
588 1800 656 1844 eum
679 1782 795 1865 diligas,
819 1784 947 1847 imitator
966 1785 1156 1867 benignitatis
1179 1787 1244 1868 ejus
1262 1787 1330 1851 eris.

201 1890 251 1953 Ac
273 1908 312 1952 ne
336 1888 463 1967 mireris,
487 1905 579 1969 posse
602 1887 750 1950 bominem
773 1906 842 1952 esse
859 1889 1033 1953 imitatorem
1050 1889 1113 1953 liei.
1158 1891 1269 1970 Potest,
1292 1911 1331 1958 eo

201 1995 335 2057 uolente.
380 1993 447 2056 Non
471 1992 549 2054 enim
572 1994 726 2074 imperium
746 1993 775 2055 in
797 1995 952 2076 proximos
969 1996 1116 2073 obtinere,
1139 2014 1238 2077 neque
1255 1998 1332 2060 velle

201 2099 383 2162 infirmiores
406 2115 563 2181 superare,
587 2114 685 2177 neque
709 2096 828 2158 divitem
852 2117 921 2162 esse
944 2105 975 2161 et
993 2100 1051 2160 uim
1072 2097 1184 2162 inferre
1203 2099 1332 2167 interio-

200 2207 306 2284 ribus,
339 2206 456 2268 beatum
490 2204 639 2267 bominem
673 2202 790 2279 reddit;
824 2221 923 2284 neque
954 2203 982 2265 in
1019 2203 1064 2265 bis
1097 2203 1193 2268 lleurn
1226 2206 1332 2269 imitari

203 2312 362 2393 quisquam
386 2315 496 2393 polest.
543 2295 606 2374 Sed
625 2327 682 2371 nec
705 2309 846 2391 majestas
869 2309 923 2371 Dei
953 2310 983 2372 in
1008 2309 1053 2372 bis
1074 2310 1165 2373 rebus
1188 2313 1331 2376 consistit.

202 2418 244 2481 At
268 2418 317 2498 qui
342 2418 471 2499 proximi
495 2434 572 2480 nnus
596 2416 682 2478 inse
706 2417 820 2497 recipit,
843 2415 903 2495 qui,
927 2432 984 2495 qua
1007 2415 1035 2476 in
1058 2435 1094 2480 re
1113 2419 1252 2497 superior
1274 2424 1331 2497 est,

203 2523 295 2586 aliurn
324 2521 498 2584 inferiorern
529 2520 676 2584 beneficio
705 2521 768 2584 vult
796 2520 936 2599 allicere,
969 2519 1062 2602 ²qui‚
1093 2541 1169 2603 quae
1196 2523 1285 2587 babet
1313 2543 1332 2588 a

202 2629 271 2691 Deo
305 2634 444 2709 accepta,
484 2623 623 2708 ³indigis
654 2625 845 2708 suppeditans
876 2626 957 2689 Deus
986 2626 1018 2689 lit
1048 2628 1252 2710 accipientium
1261 2648 1270 2705 ;
1306 2628 1331 2691 is

202 2733 261 2795 Dei
283 2738 328 2794 est
350 2733 489 2795 imitator.
535 2726 647 2792 ⁴Tunc
670 2731 852 2812 perspicies,
875 2732 904 2793 in
928 2736 1007 2794 terr‘n
1031 2730 1157 2815 degens,
1184 2733 1277 2796 Deum
1301 2733 1331 2796 in

204 2835 326 2901 ⁵cnelis
348 2837 505 2915 mundum,
535 2835 617 2898 velut
639 2836 764 2917 aliquam
788 2836 1017 2918 rempublicam,
1044 2837 1215 2919 gubernare
1222 2859 1232 2916 3
1263 2844 1332 2901 tunc

202 2942 345 3025 mysteria
371 2941 426 3003 Dei
449 2941 530 3022 loqui
554 2943 697 3023 incipies3
722 2947 791 3003 tnnc
815 2960 879 3020 eos,
904 2941 954 3023 qui
977 2942 1146 3024 puniuntur,
1170 2942 1249 3024 quod
1273 2944 1331 3006 ab·
1398 2925 1401 2928 ¹

203 3066 320 3132 negare
341 3048 436 3110 Deum
459 3047 570 3126 nolint,
604 3055 634 3110 et
657 3047 763 3129 diliges
786 3054 816 3109 et
838 3046 993 3108 miraberis
1001 3068 1010 3123 ;
1044 3053 1113 3110 tunc
1138 3049 1331 3128 imposturam

202 3152 305 3217 mundi
330 3160 360 3215 et
384 3171 518 3216 errorem
542 3153 710 3231 damnabis,
742 3171 832 3234 quum
864 3167 936 3213 vere
959 3153 988 3215 in
1012 3152 1099 3215 coelo
1124 3153 1227 3215 vivere
1250 3151 1330 3214 didi-

204 3260 314 3338 ceris,
333 3278 421 3340 quum
445 3277 527 3339 eam,
557 3277 633 3340 quae
657 3258 723 3320 beic
745 3275 827 3320 mors
851 3275 920 3320 esse
943 3262 1101 3335 censetur,
1124 3258 1330 3336 contemseris,

205 3372 236 3429 et
259 3372 384 3426 mortem
409 3383 509 3428 uerum
532 3364 694 3427 formidare
716 3364 866 3444 coeperis,
889 3380 967 3443 quue
989 3370 1126 3425 servatur
1148 3361 1194 3441 iis,
1221 3362 1271 3443 qui
1293 3360 1329 3423 nd
1401 3405 1405 3412 -

204 3465 333 3552 ⁶ignem
357 3476 511 3532 aeternum
537 3468 769 3547 damnabuntur,
792 3469 841 3549 qui
864 3467 920 3529 sibi
944 3465 1066 3529 traditos
1093 3466 1238 3547 supplicio
1261 3465 1331 3529 alli·

204 3574 265 3636 oiet
294 3573 330 3636 ad
360 3573 455 3637 linem-
479 3592 584 3656 usque.
631 3575 715 3637 Tunc
742 3574 936 3638 admiraberis
966 3589 1036 3651 ens,
1070 3573 1119 3652 qui
1145 3589 1199 3652 pro
1218 3572 1331 3654 justitia

204 3678 306 3762 ignem
329 3680 477 3761 patiuntur
502 3673 745 3761 ⁷ternporurium‚
770 3684 799 3743 el
818 3680 923 3742 beatos
946 3695 1000 3741 ens
1021 3675 1217 3760 praedicabis,
1241 3693 1330 3757 quum

204 3783 306 3867 ignem
328 3783 409 3847 illum
432 3785 623 3867 cognoveris.

203 4079 256 4143 xt.
305 4078 391 4155 Once
413 4081 505 4158 mibi,
537 4080 759 4161 Apostolorum
790 4057 964 4160 discipulo,
996 4080 1118 4142 trudito
1139 4086 1227 4156 mot,
1258 4078 1331 4142 aliie

203 4184 419 4248 subministro.
463 4184 551 4249 Haec
579 4189 659 4250 scitu
692 4187 789 4267 digno
819 4193 912 4259 sunu
942 4205 1013 4248 norn
1042 4186 1151 4265 fideles
1184 4186 1333 4266 mysteria

201 4291 308 4371 patris
332 4299 552 4370 cognoverunt,
575 4299 606 4354 el
626 4291 779 4388 quomod
795 4291 884 4370 {inem
902 4289 1045 4353 Cbrislur
1063 4290 1195 4367 venerit,
1217 4289 1331 4352 scium.
1442 4273 1448 4300 ⁴

260 4403 262 4407 ’
294 4410 362 4476 Non
385 4412 424 4476 de
446 4413 538 4477 rebus
562 4414 730 4496 peregrinis
753 4412 878 4493 loquor,
907 4430 1007 4493 neque
1022 4417 1136 4475 temere
1158 4411 1223 4474 aliis
1257 4427 1331 4492 per-

204 4515 336 4579 suadere
366 4517 493 4595 studeo;
525 4517 579 4581 sed
609 4517 824 4600 Apostolorum
857 4514 953 4580 lactus
985 4515 1165 4599 disciputus,
1197 4515 1330 4597 gentium

205 4703 256 4756 dici
274 4713 366 4773 potest.
398 4705 449 4762 Cir.
462 4711 681 4780 Quartulrcbriffi
700 4707 717 4759 l.
730 4722 752 4759 c.
817 4707 846 4772 7)
865 4705 901 4759 lta
922 4706 1035 4759 lacunam
1055 4705 1151 4758 codicis
1168 4701 1330 4770 Stepbauinni

203 4806 231 4860 Ρ·
250 4792 310 4845 ⁴5⁶·
781 4793 894 4863 explevit
906 4791 975 4859 Otto,
995 4808 1071 4862 quum
1083 4794 1107 4843 in
1121 4788 1211 4842 codice
1225 4788 1328 4854 Argen·

241 4878 272 4947 5)
289 4877 409 4933 &time
427 4875 569 4948 ἅνθρῶποκ·
598 4884 690 4934 Serra.
782 4882 903 4933 tunlensi
926 4880 1036 4948 uestigia
1064 4878 1146 4947 aliqua
1173 4877 1245 4928 vocis
1272 4893 1331 4944 προς

240 4964 270 5030 ll)
294 4966 433 5020 Articulum
460 4983 476 5021 e
503 4966 594 5021 codice
620 4970 754 5039 Angenior.
782 4968 930 5022 detexisset.
966 4964 1056 5019 llbblic
1074 4964 1167 5033 placuit
1184 4959 1298 5029 helyam.

205 5052 316 5107 mdtntt
334 5050 402 5107 om.

1170 5279 1172 5287 ·
1209 5253 1369 5309 ..-
