<?xml version="1.0" encoding="UTF-8"?>
<!DOCTYPE html PUBLIC "-//W3C//DTD XHTML 1.0 Transitional//EN"
    "http://www.w3.org/TR/xhtml1/DTD/xhtml1-transitional.dtd">
<html xmlns="http://www.w3.org/1999/xhtml" xml:lang="en" lang="en">
 <head>
  <title>
</title>
<meta http-equiv="Content-Type" content="text/html;charset=utf-8" />
  <meta name='ocr-system' content='tesseract 3.04.00' />
  <meta name='ocr-capabilities' content='ocr_page ocr_carea ocr_par ocr_line ocrx_word'/>
</head>
<body>
  <div class='ocr_page' id='page_1' title='image "./patrumapostolic01hefegoog_0037.png"; bbox 0 0 3067 6450; ppageno 0'>
   <div class='ocr_carea' id='block_1_1' title="bbox 130 1183 1259 1255">
    <p class='ocr_par' dir='ltr' id='par_1_1' title="bbox 130 1183 1259 1255">
     <span class='ocr_line' id='line_1_1' title="bbox 130 1183 1259 1255; baseline 0.01 -17"><span class='ocrx_word' id='word_1_1' title='bbox 130 1184 159 1238; x_wconf 80' lang='lat' dir='ltr'>a.</span> <span class='ocrx_word' id='word_1_2' title='bbox 182 1183 389 1255; x_wconf 70' lang='lat' dir='ltr'>acaunus]</span> <span class='ocrx_word' id='word_1_3' title='bbox 569 1185 825 1243; x_wconf 78' lang='lat' dir='ltr'>raoaucouana</span> <span class='ocrx_word' id='word_1_4' title='bbox 1182 1194 1259 1249; x_wconf 80' lang='lat' dir='ltr'>xxxa</span> 
     </span>
    </p>
   </div>
   <div class='ocr_carea' id='block_1_2' title="bbox 128 1342 1298 4669">
    <p class='ocr_par' dir='ltr' id='par_1_2' title="bbox 177 1342 1259 1429">
     <span class='ocr_line' id='line_1_2' title="bbox 177 1342 1259 1429; baseline 0.011 -22"><span class='ocrx_word' id='word_1_5' title='bbox 177 1342 221 1429; x_wconf 78' lang='grc' dir='ltr'>β)</span> <span class='ocrx_word' id='word_1_6' title='bbox 243 1345 307 1408; x_wconf 88' lang='lat' dir='ltr'>Nec</span> <span class='ocrx_word' id='word_1_7' title='bbox 336 1347 431 1428; x_wconf 90' lang='lat' dir='ltr'>capita</span> <span class='ocrx_word' id='word_1_8' title='bbox 453 1345 721 1411; x_wconf 78' lang='lat' dir='ltr'>xxttt-xxtttt</span> <span class='ocrx_word' id='word_1_9' title='bbox 750 1367 767 1410; x_wconf 89' lang='lat' dir='ltr'>a</span> <span class='ocrx_word' id='word_1_10' title='bbox 798 1351 923 1413; x_wconf 86' lang='lat' dir='ltr'>consilio</span> <span class='ocrx_word' id='word_1_11' title='bbox 954 1350 1115 1417; x_wconf 84' lang='lat' dir='ltr'>Clementis</span> <span class='ocrx_word' id='word_1_12' title='bbox 1144 1361 1259 1419; x_wconf 86' lang='lat' dir='ltr'>remota</span> 
     </span>
    </p>

    <p class='ocr_par' dir='ltr' id='par_1_3' title="bbox 192 1450 1259 1850">
     <span class='ocr_line' id='line_1_3' title="bbox 192 1450 1259 1541; baseline 0.011 -31"><span class='ocrx_word' id='word_1_13' title='bbox 192 1472 197 1480; x_wconf 95' lang='lat'><em>·</em></span> <span class='ocrx_word' id='word_1_14' title='bbox 243 1456 320 1512; x_wconf 81' lang='lat' dir='ltr'>stant.</span> <span class='ocrx_word' id='word_1_15' title='bbox 366 1450 606 1514; x_wconf 85' lang='lat' dir='ltr'>Resurrectionis</span> <span class='ocrx_word' id='word_1_16' title='bbox 623 1453 699 1514; x_wconf 88' lang='lat' dir='ltr'>enirn</span> <span class='ocrx_word' id='word_1_17' title='bbox 717 1451 855 1514; x_wconf 87' lang='lat' dir='ltr'>Clemens</span> <span class='ocrx_word' id='word_1_18' title='bbox 871 1463 921 1516; x_wconf 91' lang='lat' dir='ltr'>aut</span> <span class='ocrx_word' id='word_1_19' title='bbox 937 1456 1006 1520; x_wconf 91' lang='lat' dir='ltr'>ideo</span> <span class='ocrx_word' id='word_1_20' title='bbox 1022 1460 1162 1536; x_wconf 87' lang='lat' dir='ltr'>meminit,</span> <span class='ocrx_word' id='word_1_21' title='bbox 1178 1461 1259 1541; x_wconf 88' lang='lat' dir='ltr'>quia,</span> 
     </span>
     <span class='ocr_line' id='line_1_4' title="bbox 245 1553 1259 1634; baseline 0.011 -18"><span class='ocrx_word' id='word_1_22' title='bbox 245 1553 320 1617; x_wconf 81' lang='lat' dir='ltr'>teste</span> <span class='ocrx_word' id='word_1_23' title='bbox 335 1555 347 1617; x_wconf 93' lang='lat' dir='ltr'>l</span> <span class='ocrx_word' id='word_1_24' title='bbox 363 1556 431 1619; x_wconf 87' lang='lat' dir='ltr'>Cor.</span> <span class='ocrx_word' id='word_1_25' title='bbox 451 1553 580 1634; x_wconf 82' lang='lat'>15‚12.‚</span> <span class='ocrx_word' id='word_1_26' title='bbox 603 1557 736 1619; x_wconf 83' lang='lat' dir='ltr'>nonnulli</span> <span class='ocrx_word' id='word_1_27' title='bbox 759 1557 979 1622; x_wconf 87' lang='lat' dir='ltr'>Corinthiorum</span> <span class='ocrx_word' id='word_1_28' title='bbox 1006 1564 1259 1626; x_wconf 87' lang='lat' dir='ltr'>resurrectionem</span> 
     </span>
     <span class='ocr_line' id='line_1_5' title="bbox 244 1661 1257 1745; baseline 0.012 -25"><span class='ocrx_word' id='word_1_29' title='bbox 244 1667 427 1724; x_wconf 87' lang='lat' dir='ltr'>mortuorum</span> <span class='ocrx_word' id='word_1_30' title='bbox 448 1661 615 1742; x_wconf 80' lang='lat' dir='ltr'>negabant3</span> <span class='ocrx_word' id='word_1_31' title='bbox 640 1666 689 1723; x_wconf 93' lang='lat' dir='ltr'>aut</span> <span class='ocrx_word' id='word_1_32' title='bbox 712 1661 791 1739; x_wconf 88' lang='lat' dir='ltr'>ideo,</span> <span class='ocrx_word' id='word_1_33' title='bbox 815 1668 845 1725; x_wconf 89' lang='lat' dir='ltr'>ut</span> <span class='ocrx_word' id='word_1_34' title='bbox 869 1681 914 1742; x_wconf 89' lang='lat' dir='ltr'>ea,</span> <span class='ocrx_word' id='word_1_35' title='bbox 938 1682 1014 1745; x_wconf 87' lang='lat' dir='ltr'>quae</span> <span class='ocrx_word' id='word_1_36' title='bbox 1038 1665 1148 1730; x_wconf 88' lang='lat' dir='ltr'>Noster</span> <span class='ocrx_word' id='word_1_37' title='bbox 1169 1686 1195 1730; x_wconf 91' lang='lat' dir='ltr'>c.</span> <span class='ocrx_word' id='word_1_38' title='bbox 1217 1666 1257 1732; x_wconf 82' lang='lat'>21</span> 
     </span>
     <span class='ocr_line' id='line_1_6' title="bbox 244 1760 1137 1850; baseline 0.007 -23"><span class='ocrx_word' id='word_1_39' title='bbox 244 1771 275 1827; x_wconf 90' lang='lat' dir='ltr'>et</span> <span class='ocrx_word' id='word_1_40' title='bbox 301 1760 342 1826; x_wconf 82' lang='lat'>22</span> <span class='ocrx_word' id='word_1_41' title='bbox 367 1765 404 1826; x_wconf 87' lang='lat' dir='ltr'>de</span> <span class='ocrx_word' id='word_1_42' title='bbox 425 1767 531 1847; x_wconf 83' lang='lat' dir='ltr'>poenis</span> <span class='ocrx_word' id='word_1_43' title='bbox 554 1766 754 1846; x_wconf 85' lang='lat' dir='ltr'>improborum</span> <span class='ocrx_word' id='word_1_44' title='bbox 780 1766 906 1845; x_wconf 85' lang='lat' dir='ltr'>dixerat,</span> <span class='ocrx_word' id='word_1_45' title='bbox 929 1770 1137 1850; x_wconf 74' lang='lat' dir='ltr'>probarentur.</span> 
     </span>
    </p>

    <p class='ocr_par' dir='ltr' id='par_1_4' title="bbox 182 1865 1298 2273">
     <span class='ocr_line' id='line_1_7' title="bbox 182 1865 1261 1954; baseline 0.011 -25"><span class='ocrx_word' id='word_1_46' title='bbox 182 1865 224 1953; x_wconf 81' lang='lat' dir='ltr'>y)</span> <span class='ocrx_word' id='word_1_47' title='bbox 247 1867 348 1949; x_wconf 84' lang='lat' dir='ltr'>Capita</span> <span class='ocrx_word' id='word_1_48' title='bbox 371 1869 543 1932; x_wconf 79' lang='lat' dir='ltr'>xb-xtv</span> <span class='ocrx_word' id='word_1_49' title='bbox 566 1877 670 1951; x_wconf 86' lang='lat' dir='ltr'>aperte</span> <span class='ocrx_word' id='word_1_50' title='bbox 694 1871 723 1932; x_wconf 92' lang='lat' dir='ltr'>id</span> <span class='ocrx_word' id='word_1_51' title='bbox 747 1877 858 1954; x_wconf 79' lang='lat' dir='ltr'>agunt,</span> <span class='ocrx_word' id='word_1_52' title='bbox 885 1880 917 1935; x_wconf 90' lang='lat' dir='ltr'>ut</span> <span class='ocrx_word' id='word_1_53' title='bbox 940 1874 1127 1954; x_wconf 68' lang='lat' dir='ltr'>Corinthios,</span> <span class='ocrx_word' id='word_1_54' title='bbox 1156 1884 1261 1941; x_wconf 84' lang='lat' dir='ltr'>contra</span> 
     </span>
     <span class='ocr_line' id='line_1_8' title="bbox 247 1972 1261 2059; baseline 0.009 -25"><span class='ocrx_word' id='word_1_55' title='bbox 247 1972 360 2036; x_wconf 85' lang='lat' dir='ltr'>clerum</span> <span class='ocrx_word' id='word_1_56' title='bbox 384 1974 574 2052; x_wconf 71' lang='lat' dir='ltr'>rebellantes,</span> <span class='ocrx_word' id='word_1_57' title='bbox 597 1975 633 2036; x_wconf 90' lang='lat' dir='ltr'>ad</span> <span class='ocrx_word' id='word_1_58' title='bbox 659 1976 860 2039; x_wconf 80' lang='lat' dir='ltr'>concordiam</span> <span class='ocrx_word' id='word_1_59' title='bbox 874 1982 904 2037; x_wconf 88' lang='lat' dir='ltr'>et</span> <span class='ocrx_word' id='word_1_60' title='bbox 925 1977 1140 2059; x_wconf 86' lang='lat' dir='ltr'>subjectionem</span> <span class='ocrx_word' id='word_1_61' title='bbox 1166 1976 1261 2044; x_wconf 77' lang='lat' dir='ltr'>revo-</span> 
     </span>
     <span class='ocr_line' id='line_1_9' title="bbox 247 2076 1262 2164; baseline 0.007 -25"><span class='ocrx_word' id='word_1_62' title='bbox 247 2084 358 2139; x_wconf 89' lang='lat' dir='ltr'>carent.</span> <span class='ocrx_word' id='word_1_63' title='bbox 414 2076 531 2158; x_wconf 89' lang='lat' dir='ltr'>Optime</span> <span class='ocrx_word' id='word_1_64' title='bbox 553 2080 658 2161; x_wconf 66' lang='lat' dir='ltr'>‘igitur</span> <span class='ocrx_word' id='word_1_65' title='bbox 702 2080 829 2142; x_wconf 90' lang='lat' dir='ltr'>consilio</span> <span class='ocrx_word' id='word_1_66' title='bbox 866 2079 1027 2143; x_wconf 82' lang='lat' dir='ltr'>Clementis</span> <span class='ocrx_word' id='word_1_67' title='bbox 1068 2085 1262 2164; x_wconf 86' lang='lat' dir='ltr'>respondent,</span> 
     </span>
     <span class='ocr_line' id='line_1_10' title="bbox 246 2181 1298 2273; baseline 0.004 -29"><span class='ocrx_word' id='word_1_68' title='bbox 246 2182 393 2262; x_wconf 85' lang='lat' dir='ltr'>simulque</span> <span class='ocrx_word' id='word_1_69' title='bbox 415 2184 580 2245; x_wconf 84' lang='lat' dir='ltr'>arctissime</span> <span class='ocrx_word' id='word_1_70' title='bbox 602 2202 668 2246; x_wconf 90' lang='lat' dir='ltr'>curn</span> <span class='ocrx_word' id='word_1_71' title='bbox 693 2185 837 2264; x_wconf 77' lang='lat' dir='ltr'>capitibus</span> <span class='ocrx_word' id='word_1_72' title='bbox 861 2181 902 2247; x_wconf 80' lang='lat' dir='ltr'>at</span> <span class='ocrx_word' id='word_1_73' title='bbox 927 2191 957 2247; x_wconf 89' lang='lat' dir='ltr'>et</span> <span class='ocrx_word' id='word_1_74' title='bbox 980 2182 1022 2249; x_wconf 88' lang='lat'>38</span> <span class='ocrx_word' id='word_1_75' title='bbox 1048 2187 1218 2250; x_wconf 87' lang='lat' dir='ltr'>cohaerent.</span> <span class='ocrx_word' id='word_1_76' title='bbox 1296 2268 1298 2273; x_wconf 67' lang='lat'>,</span> 
     </span>
    </p>

    <p class='ocr_par' dir='ltr' id='par_1_5' title="bbox 184 2284 1263 2472">
     <span class='ocr_line' id='line_1_11' title="bbox 184 2284 1263 2372; baseline 0.005 -22"><span class='ocrx_word' id='word_1_77' title='bbox 184 2284 226 2371; x_wconf 83' lang='lat' dir='ltr'>d)</span> <span class='ocrx_word' id='word_1_78' title='bbox 249 2286 343 2366; x_wconf 87' lang='lat' dir='ltr'>Caput</span> <span class='ocrx_word' id='word_1_79' title='bbox 366 2285 495 2366; x_wconf 84' lang='lat' dir='ltr'>denique</span> <span class='ocrx_word' id='word_1_80' title='bbox 510 2287 559 2348; x_wconf 88' lang='lat' dir='ltr'>LV</span> <span class='ocrx_word' id='word_1_81' title='bbox 582 2287 621 2348; x_wconf 93' lang='lat' dir='ltr'>nil</span> <span class='ocrx_word' id='word_1_82' title='bbox 646 2289 701 2350; x_wconf 91' lang='lat' dir='ltr'>nisi</span> <span class='ocrx_word' id='word_1_83' title='bbox 725 2289 862 2369; x_wconf 82' lang='lat' dir='ltr'>exempla</span> <span class='ocrx_word' id='word_1_84' title='bbox 885 2291 951 2371; x_wconf 73' lang='lat' dir='ltr'>ejus</span> <span class='ocrx_word' id='word_1_85' title='bbox 971 2289 1121 2353; x_wconf 89' lang='lat' dir='ltr'>charitatis</span> <span class='ocrx_word' id='word_1_86' title='bbox 1137 2292 1263 2372; x_wconf 77' lang='lat' dir='ltr'>profert,</span> 
     </span>
     <span class='ocr_line' id='line_1_12' title="bbox 248 2390 958 2472; baseline 0.004 -20"><span class='ocrx_word' id='word_1_87' title='bbox 248 2390 287 2452; x_wconf 93' lang='lat' dir='ltr'>de</span> <span class='ocrx_word' id='word_1_88' title='bbox 310 2409 368 2471; x_wconf 88' lang='lat' dir='ltr'>qua</span> <span class='ocrx_word' id='word_1_89' title='bbox 392 2393 487 2472; x_wconf 88' lang='lat' dir='ltr'>capite</span> <span class='ocrx_word' id='word_1_90' title='bbox 511 2390 702 2453; x_wconf 77' lang='lat' dir='ltr'>antecedenti</span> <span class='ocrx_word' id='word_1_91' title='bbox 724 2394 817 2455; x_wconf 79' lang='lat' dir='ltr'>uerba</span> <span class='ocrx_word' id='word_1_92' title='bbox 840 2393 958 2456; x_wconf 77' lang='lat' dir='ltr'>habant.</span> 
     </span>
    </p>

    <p class='ocr_par' dir='ltr' id='par_1_6' title="bbox 185 2494 1263 2788">
     <span class='ocr_line' id='line_1_13' title="bbox 185 2494 1263 2580; baseline 0.006 -22"><span class='ocrx_word' id='word_1_93' title='bbox 185 2495 221 2579; x_wconf 84' lang='lat' dir='ltr'>a)</span> <span class='ocrx_word' id='word_1_94' title='bbox 244 2496 338 2557; x_wconf 90' lang='lat' dir='ltr'>Porro</span> <span class='ocrx_word' id='word_1_95' title='bbox 355 2494 495 2557; x_wconf 90' lang='lat' dir='ltr'>nonnulla</span> <span class='ocrx_word' id='word_1_96' title='bbox 512 2496 617 2577; x_wconf 87' lang='lat' dir='ltr'>capita,</span> <span class='ocrx_word' id='word_1_97' title='bbox 631 2496 796 2561; x_wconf 84' lang='lat' dir='ltr'>blashemio</span> <span class='ocrx_word' id='word_1_98' title='bbox 812 2497 988 2580; x_wconf 90' lang='lat' dir='ltr'>diplicentia,</span> <span class='ocrx_word' id='word_1_99' title='bbox 1001 2500 1063 2580; x_wconf 84' lang='lat' dir='ltr'>jaan</span> <span class='ocrx_word' id='word_1_100' title='bbox 1076 2518 1092 2560; x_wconf 92' lang='lat' dir='ltr'>a</span> <span class='ocrx_word' id='word_1_101' title='bbox 1105 2499 1263 2564; x_wconf 73' lang='lat' dir='ltr'>Veteribus</span> 
     </span>
     <span class='ocr_line' id='line_1_14' title="bbox 245 2601 1263 2685; baseline 0.001 -21"><span class='ocrx_word' id='word_1_102' title='bbox 245 2601 402 2664; x_wconf 89' lang='lat' dir='ltr'>laudantur</span> <span class='ocrx_word' id='word_1_103' title='bbox 425 2608 454 2661; x_wconf 86' lang='lat' dir='ltr'>et</span> <span class='ocrx_word' id='word_1_104' title='bbox 476 2601 614 2677; x_wconf 90' lang='lat' dir='ltr'>citantor,</span> <span class='ocrx_word' id='word_1_105' title='bbox 638 2620 664 2662; x_wconf 91' lang='lat' dir='ltr'>e.</span> <span class='ocrx_word' id='word_1_106' title='bbox 689 2621 717 2683; x_wconf 80' lang='lat' dir='ltr'>g.</span> <span class='ocrx_word' id='word_1_107' title='bbox 741 2621 767 2663; x_wconf 91' lang='lat' dir='ltr'>c.</span> <span class='ocrx_word' id='word_1_108' title='bbox 792 2602 840 2665; x_wconf 87' lang='lat' dir='ltr'>LV</span> <span class='ocrx_word' id='word_1_109' title='bbox 863 2604 900 2664; x_wconf 88' lang='lat' dir='ltr'>ab</span> <span class='ocrx_word' id='word_1_110' title='bbox 916 2601 1051 2685; x_wconf 82' lang='lat' dir='ltr'>Origene</span> <span class='ocrx_word' id='word_1_111' title='bbox 1074 2605 1102 2665; x_wconf 93' lang='lat' dir='ltr'>in</span> <span class='ocrx_word' id='word_1_112' title='bbox 1117 2602 1224 2667; x_wconf 87' lang='lat' dir='ltr'>Joana.</span> <span class='ocrx_word' id='word_1_113' title='bbox 1241 2603 1263 2684; x_wconf 89' lang='lat' dir='ltr'>l,</span> 
     </span>
     <span class='ocr_line' id='line_1_15' title="bbox 247 2703 1043 2788; baseline -0.004 -19"><span class='ocrx_word' id='word_1_114' title='bbox 247 2703 306 2781; x_wconf 78' lang='lat'>293</span> <span class='ocrx_word' id='word_1_115' title='bbox 329 2723 354 2766; x_wconf 92' lang='lat' dir='ltr'>c.</span> <span class='ocrx_word' id='word_1_116' title='bbox 378 2705 458 2767; x_wconf 84' lang='lat' dir='ltr'>xxv</span> <span class='ocrx_word' id='word_1_117' title='bbox 479 2724 496 2767; x_wconf 88' lang='lat' dir='ltr'>a</span> <span class='ocrx_word' id='word_1_118' title='bbox 520 2704 630 2788; x_wconf 78' lang='lat' dir='ltr'>Cyrillo</span> <span class='ocrx_word' id='word_1_119' title='bbox 655 2705 771 2767; x_wconf 88' lang='lat' dir='ltr'>llieros.</span> <span class='ocrx_word' id='word_1_120' title='bbox 795 2706 913 2768; x_wconf 87' lang='lat' dir='ltr'>Catech.</span> <span class='ocrx_word' id='word_1_121' title='bbox 941 2704 990 2783; x_wconf 88' lang='grc'>18,</span> <span class='ocrx_word' id='word_1_122' title='bbox 1013 2704 1043 2770; x_wconf 84' lang='grc'>8.</span> 
     </span>
    </p>

    <p class='ocr_par' dir='ltr' id='par_1_7' title="bbox 186 2805 1263 2994">
     <span class='ocr_line' id='line_1_16' title="bbox 186 2805 1263 2894; baseline 0.002 -22"><span class='ocrx_word' id='word_1_123' title='bbox 186 2805 225 2894; x_wconf 83' lang='grc' dir='ltr'>ζ)</span> <span class='ocrx_word' id='word_1_124' title='bbox 249 2810 351 2873; x_wconf 81' lang='lat' dir='ltr'>Ouinia</span> <span class='ocrx_word' id='word_1_125' title='bbox 376 2813 470 2891; x_wconf 91' lang='lat' dir='ltr'>capita</span> <span class='ocrx_word' id='word_1_126' title='bbox 493 2813 522 2872; x_wconf 92' lang='lat' dir='ltr'>in</span> <span class='ocrx_word' id='word_1_127' title='bbox 546 2811 665 2873; x_wconf 88' lang='lat' dir='ltr'>dubium</span> <span class='ocrx_word' id='word_1_128' title='bbox 689 2818 795 2873; x_wconf 85' lang='lat' dir='ltr'>vocata</span> <span class='ocrx_word' id='word_1_129' title='bbox 818 2812 847 2874; x_wconf 91' lang='lat' dir='ltr'>in</span> <span class='ocrx_word' id='word_1_130' title='bbox 864 2812 1068 2890; x_wconf 89' lang='lat' dir='ltr'>antiquissimo</span> <span class='ocrx_word' id='word_1_131' title='bbox 1091 2808 1141 2873; x_wconf 93' lang='lat' dir='ltr'>illo</span> <span class='ocrx_word' id='word_1_132' title='bbox 1157 2810 1263 2874; x_wconf 79' lang='lat' dir='ltr'>codice</span> 
     </span>
     <span class='ocr_line' id='line_1_17' title="bbox 247 2914 673 2994; baseline -0.007 -17"><span class='ocrx_word' id='word_1_133' title='bbox 247 2914 451 2992; x_wconf 82' lang='lat' dir='ltr'>Alexandrino</span> <span class='ocrx_word' id='word_1_134' title='bbox 475 2917 673 2994; x_wconf 89' lang='lat' dir='ltr'>reperiuntur.</span> 
     </span>
    </p>

    <p class='ocr_par' dir='ltr' id='par_1_8' title="bbox 186 3017 1263 3205">
     <span class='ocr_line' id='line_1_18' title="bbox 186 3017 1263 3106; baseline -0.004 -23"><span class='ocrx_word' id='word_1_135' title='bbox 186 3017 225 3106; x_wconf 76' lang='grc' dir='ltr'>η)</span> <span class='ocrx_word' id='word_1_136' title='bbox 248 3020 343 3094; x_wconf 83' lang='lat' dir='ltr'>Ourrur</span> <span class='ocrx_word' id='word_1_137' title='bbox 367 3020 492 3102; x_wconf 87' lang='lat' dir='ltr'>epistola</span> <span class='ocrx_word' id='word_1_138' title='bbox 510 3019 669 3082; x_wconf 82' lang='lat' dir='ltr'>Clarncatis</span> <span class='ocrx_word' id='word_1_139' title='bbox 692 3021 811 3102; x_wconf 83' lang='lat' dir='ltr'>publice</span> <span class='ocrx_word' id='word_1_140' title='bbox 828 3019 856 3081; x_wconf 92' lang='lat' dir='ltr'>in</span> <span class='ocrx_word' id='word_1_141' title='bbox 874 3019 1010 3081; x_wconf 87' lang='lat' dir='ltr'>ecclesiis</span> <span class='ocrx_word' id='word_1_142' title='bbox 1027 3020 1263 3101; x_wconf 81' lang='lat' dir='ltr'>praelegeretur,</span> 
     </span>
     <span class='ocr_line' id='line_1_19' title="bbox 248 3124 1159 3205; baseline -0.001 -19"><span class='ocrx_word' id='word_1_143' title='bbox 248 3127 298 3186; x_wconf 82' lang='lat' dir='ltr'>uix</span> <span class='ocrx_word' id='word_1_144' title='bbox 321 3125 384 3187; x_wconf 80' lang='lat' dir='ltr'>hori</span> <span class='ocrx_word' id='word_1_145' title='bbox 409 3132 534 3205; x_wconf 86' lang='lat' dir='ltr'>poterat,</span> <span class='ocrx_word' id='word_1_146' title='bbox 559 3130 589 3184; x_wconf 94' lang='lat' dir='ltr'>ul</span> <span class='ocrx_word' id='word_1_147' title='bbox 612 3125 648 3186; x_wconf 91' lang='lat' dir='ltr'>ab</span> <span class='ocrx_word' id='word_1_148' title='bbox 672 3125 791 3188; x_wconf 89' lang='lat' dir='ltr'>bornine</span> <span class='ocrx_word' id='word_1_149' title='bbox 815 3125 950 3205; x_wconf 89' lang='lat' dir='ltr'>iraprobo</span> <span class='ocrx_word' id='word_1_150' title='bbox 979 3124 1159 3187; x_wconf 77' lang='lat' dir='ltr'>foedaretur.</span> 
     </span>
    </p>

    <p class='ocr_par' dir='ltr' id='par_1_9' title="bbox 180 3226 1265 3415">
     <span class='ocr_line' id='line_1_20' title="bbox 180 3226 1265 3313; baseline 0 -23"><span class='ocrx_word' id='word_1_151' title='bbox 180 3226 227 3313; x_wconf 72' lang='lat' dir='ltr'>d)</span> <span class='ocrx_word' id='word_1_152' title='bbox 250 3230 323 3312; x_wconf 81' lang='lat' dir='ltr'>Styli</span> <span class='ocrx_word' id='word_1_153' title='bbox 347 3249 381 3291; x_wconf 90' lang='lat' dir='ltr'>ac</span> <span class='ocrx_word' id='word_1_154' title='bbox 405 3231 549 3292; x_wconf 87' lang='lat' dir='ltr'>orationis</span> <span class='ocrx_word' id='word_1_155' title='bbox 572 3230 729 3292; x_wconf 86' lang='lat' dir='ltr'>diversitas</span> <span class='ocrx_word' id='word_1_156' title='bbox 757 3230 860 3293; x_wconf 91' lang='lat' dir='ltr'>nullibi</span> <span class='ocrx_word' id='word_1_157' title='bbox 883 3233 913 3295; x_wconf 88' lang='lat' dir='ltr'>in</span> <span class='ocrx_word' id='word_1_158' title='bbox 939 3231 1064 3312; x_wconf 89' lang='lat' dir='ltr'>epistola</span> <span class='ocrx_word' id='word_1_159' title='bbox 1092 3235 1196 3292; x_wconf 87' lang='lat' dir='ltr'>nostra</span> <span class='ocrx_word' id='word_1_160' title='bbox 1220 3233 1265 3290; x_wconf 90' lang='lat' dir='ltr'>est</span> 
     </span>
     <span class='ocr_line' id='line_1_21' title="bbox 250 3335 436 3415; baseline -0.005 -20"><span class='ocrx_word' id='word_1_161' title='bbox 250 3335 436 3415; x_wconf 83' lang='lat' dir='ltr'>reperienda.</span> 
     </span>
    </p>

    <p class='ocr_par' dir='ltr' id='par_1_10' title="bbox 128 3438 1269 4669">
     <span class='ocr_line' id='line_1_22' title="bbox 229 3438 1267 3524; baseline -0.002 -26"><span class='ocrx_word' id='word_1_162' title='bbox 229 3439 275 3500; x_wconf 92' lang='lat' dir='ltr'>lll.</span> <span class='ocrx_word' id='word_1_163' title='bbox 320 3438 530 3499; x_wconf 84' lang='lat' dir='ltr'>Rocerrtinrurn</span> <span class='ocrx_word' id='word_1_164' title='bbox 564 3446 730 3518; x_wconf 85' lang='lat' dir='ltr'>tenrporurn</span> <span class='ocrx_word' id='word_1_165' title='bbox 762 3438 817 3499; x_wconf 87' lang='lat' dir='ltr'>viri</span> <span class='ocrx_word' id='word_1_166' title='bbox 845 3438 934 3524; x_wconf 61' lang='lat' dir='ltr'>doctix</span> <span class='ocrx_word' id='word_1_167' title='bbox 957 3444 986 3497; x_wconf 88' lang='lat' dir='ltr'>et</span> <span class='ocrx_word' id='word_1_168' title='bbox 1017 3438 1206 3499; x_wconf 73' lang='lat' dir='ltr'>authentiam</span> <span class='ocrx_word' id='word_1_169' title='bbox 1236 3441 1267 3496; x_wconf 91' lang='lat' dir='ltr'>et</span> 
     </span>
     <span class='ocr_line' id='line_1_23' title="bbox 128 3540 1266 3623; baseline -0.003 -20"><span class='ocrx_word' id='word_1_170' title='bbox 128 3544 348 3622; x_wconf 48' lang='lat' dir='ltr'>‘intepritutem</span> <span class='ocrx_word' id='word_1_171' title='bbox 364 3543 476 3622; x_wconf 84' lang='lat' dir='ltr'>primae</span> <span class='ocrx_word' id='word_1_172' title='bbox 490 3540 652 3607; x_wconf 83' lang='lat' dir='ltr'>Clementis</span> <span class='ocrx_word' id='word_1_173' title='bbox 664 3542 808 3623; x_wconf 87' lang='lat' dir='ltr'>epistolae</span> <span class='ocrx_word' id='word_1_174' title='bbox 821 3544 856 3602; x_wconf 89' lang='lat' dir='ltr'>ad</span> <span class='ocrx_word' id='word_1_175' title='bbox 870 3561 958 3604; x_wconf 84' lang='lat' dir='ltr'>arnurn</span> <span class='ocrx_word' id='word_1_176' title='bbox 971 3560 1075 3603; x_wconf 88' lang='lat' dir='ltr'>omnes</span> <span class='ocrx_word' id='word_1_177' title='bbox 1088 3546 1266 3622; x_wconf 81' lang='lat' dir='ltr'>agnoscunt,</span> 
     </span>
     <span class='ocr_line' id='line_1_24' title="bbox 140 3645 1266 3730; baseline -0.002 -22"><span class='ocrx_word' id='word_1_178' title='bbox 140 3654 170 3709; x_wconf 87' lang='lat' dir='ltr'>et</span> <span class='ocrx_word' id='word_1_179' title='bbox 195 3647 272 3708; x_wconf 92' lang='lat' dir='ltr'>nulla</span> <span class='ocrx_word' id='word_1_180' title='bbox 292 3650 353 3730; x_wconf 83' lang='lat' dir='ltr'>jana</span> <span class='ocrx_word' id='word_1_181' title='bbox 377 3648 501 3728; x_wconf 76' lang='lat' dir='ltr'>gravior</span> <span class='ocrx_word' id='word_1_182' title='bbox 524 3647 666 3709; x_wconf 85' lang='lat' dir='ltr'>dubitatio</span> <span class='ocrx_word' id='word_1_183' title='bbox 692 3647 747 3708; x_wconf 89' lang='lat' dir='ltr'>bac</span> <span class='ocrx_word' id='word_1_184' title='bbox 771 3645 810 3707; x_wconf 86' lang='lat' dir='ltr'>de</span> <span class='ocrx_word' id='word_1_185' title='bbox 833 3666 867 3709; x_wconf 85' lang='lat' dir='ltr'>re</span> <span class='ocrx_word' id='word_1_186' title='bbox 889 3655 1034 3709; x_wconf 79' lang='lat' dir='ltr'>intruetur.</span> <span class='ocrx_word' id='word_1_187' title='bbox 1076 3645 1170 3719; x_wconf 79' lang='lat' dir='ltr'>Quota</span> <span class='ocrx_word' id='word_1_188' title='bbox 1188 3646 1266 3707; x_wconf 82' lang='lat' dir='ltr'>onina</span> 
     </span>
     <span class='ocr_line' id='line_1_25' title="bbox 139 3751 1266 3835; baseline -0.003 -23"><span class='ocrx_word' id='word_1_189' title='bbox 139 3751 231 3812; x_wconf 85' lang='lat' dir='ltr'>lateat</span> <span class='ocrx_word' id='word_1_190' title='bbox 253 3753 402 3831; x_wconf 83' lang='lat' dir='ltr'>prirranevu</span> <span class='ocrx_word' id='word_1_191' title='bbox 425 3752 613 3832; x_wconf 87' lang='lat' dir='ltr'>simplicitas,</span> <span class='ocrx_word' id='word_1_192' title='bbox 644 3771 701 3833; x_wconf 83' lang='lat' dir='ltr'>qua</span> <span class='ocrx_word' id='word_1_193' title='bbox 733 3760 873 3831; x_wconf 91' lang='lat' dir='ltr'>ornatur,</span> <span class='ocrx_word' id='word_1_194' title='bbox 904 3752 1078 3835; x_wconf 78' lang='lat' dir='ltr'>evangelica</span> <span class='ocrx_word' id='word_1_195' title='bbox 1112 3751 1266 3830; x_wconf 79' lang='lat' dir='ltr'>sapientia,</span> 
     </span>
     <span class='ocr_line' id='line_1_26' title="bbox 142 3855 1267 3938; baseline 0.004 -26"><span class='ocrx_word' id='word_1_196' title='bbox 142 3874 201 3936; x_wconf 78' lang='lat' dir='ltr'>qaia</span> <span class='ocrx_word' id='word_1_197' title='bbox 226 3857 353 3930; x_wconf 79' lang='lat' dir='ltr'>excellit,</span> <span class='ocrx_word' id='word_1_198' title='bbox 377 3858 539 3938; x_wconf 85' lang='lat' dir='ltr'>apostolica</span> <span class='ocrx_word' id='word_1_199' title='bbox 563 3859 761 3937; x_wconf 86' lang='lat' dir='ltr'>praedicatio,</span> <span class='ocrx_word' id='word_1_200' title='bbox 785 3875 872 3937; x_wconf 87' lang='lat' dir='ltr'>quarn</span> <span class='ocrx_word' id='word_1_201' title='bbox 896 3865 983 3919; x_wconf 89' lang='lat' dir='ltr'>sonat</span> <span class='ocrx_word' id='word_1_202' title='bbox 1008 3856 1082 3918; x_wconf 84' lang='lat' dir='ltr'>hacc</span> <span class='ocrx_word' id='word_1_203' title='bbox 1106 3855 1267 3918; x_wconf 80' lang='lat' dir='ltr'>clena-ntis</span> 
     </span>
     <span class='ocr_line' id='line_1_27' title="bbox 141 3958 1267 4044; baseline 0.001 -23"><span class='ocrx_word' id='word_1_204' title='bbox 141 3958 294 4041; x_wconf 81' lang='lat' dir='ltr'>epistola?</span> <span class='ocrx_word' id='word_1_205' title='bbox 340 3960 446 4022; x_wconf 85' lang='lat' dir='ltr'>Nonne</span> <span class='ocrx_word' id='word_1_206' title='bbox 479 3964 543 4021; x_wconf 87' lang='lat' dir='ltr'>viro</span> <span class='ocrx_word' id='word_1_207' title='bbox 576 3963 739 4043; x_wconf 86' lang='lat' dir='ltr'>apostolico</span> <span class='ocrx_word' id='word_1_208' title='bbox 771 3982 804 4023; x_wconf 86' lang='lat' dir='ltr'>ea</span> <span class='ocrx_word' id='word_1_209' title='bbox 829 3965 864 4023; x_wconf 78' lang='lat' dir='ltr'>se</span> <span class='ocrx_word' id='word_1_210' title='bbox 887 3965 1010 4044; x_wconf 80' lang='lat' dir='ltr'>praebet</span> <span class='ocrx_word' id='word_1_211' title='bbox 1036 3959 1267 4039; x_wconf 79' lang='lat' dir='ltr'>dipnissimarn?</span> 
     </span>
     <span class='ocr_line' id='line_1_28' title="bbox 141 4060 1264 4148; baseline -0.002 -20"><span class='ocrx_word' id='word_1_212' title='bbox 141 4065 248 4128; x_wconf 76' lang='lat' dir='ltr'>Ouinia</span> <span class='ocrx_word' id='word_1_213' title='bbox 272 4083 345 4127; x_wconf 85' lang='lat' dir='ltr'>sane</span> <span class='ocrx_word' id='word_1_214' title='bbox 368 4068 395 4126; x_wconf 86' lang='lat' dir='ltr'>ei</span> <span class='ocrx_word' id='word_1_215' title='bbox 419 4066 587 4129; x_wconf 81' lang='lat' dir='ltr'>authentice</span> <span class='ocrx_word' id='word_1_216' title='bbox 618 4068 724 4128; x_wconf 87' lang='lat' dir='ltr'>indicia</span> <span class='ocrx_word' id='word_1_217' title='bbox 757 4067 873 4130; x_wconf 90' lang='lat' dir='ltr'>adsunt.</span> <span class='ocrx_word' id='word_1_218' title='bbox 920 4067 997 4128; x_wconf 79' lang='lat' dir='ltr'>aaut</span> <span class='ocrx_word' id='word_1_219' title='bbox 1021 4066 1195 4128; x_wconf 86' lang='lat' dir='ltr'>Wottonorn</span> <span class='ocrx_word' id='word_1_220' title='bbox 1217 4060 1264 4148; x_wconf 86' lang='lat'>¹):</span> 
     </span>
     <span class='ocr_line' id='line_1_29' title="bbox 140 4168 1268 4251; baseline 0 -20"><span class='ocrx_word' id='word_1_221' title='bbox 140 4168 180 4231; x_wconf 83' lang='lat' dir='ltr'>ln</span> <span class='ocrx_word' id='word_1_222' title='bbox 203 4168 277 4244; x_wconf 86' lang='lat' dir='ltr'>illa,</span> <span class='ocrx_word' id='word_1_223' title='bbox 313 4171 422 4250; x_wconf 85' lang='lat' dir='ltr'>inquit,</span> <span class='ocrx_word' id='word_1_224' title='bbox 454 4189 519 4232; x_wconf 88' lang='lat' dir='ltr'>non</span> <span class='ocrx_word' id='word_1_225' title='bbox 548 4172 689 4233; x_wconf 81' lang='lat' dir='ltr'>violatur</span> <span class='ocrx_word' id='word_1_226' title='bbox 721 4175 871 4251; x_wconf 83' lang='lat' dir='ltr'>temporis</span> <span class='ocrx_word' id='word_1_227' title='bbox 903 4173 1007 4247; x_wconf 91' lang='lat' dir='ltr'>ratio,</span> <span class='ocrx_word' id='word_1_228' title='bbox 1040 4170 1122 4232; x_wconf 87' lang='lat' dir='ltr'>nihil</span> <span class='ocrx_word' id='word_1_229' title='bbox 1154 4178 1268 4231; x_wconf 87' lang='lat' dir='ltr'>contro</span> 
     </span>
     <span class='ocr_line' id='line_1_30' title="bbox 141 4269 1269 4356; baseline 0 -23"><span class='ocrx_word' id='word_1_230' title='bbox 141 4269 344 4356; x_wconf 81' lang='lat' dir='ltr'>(antiquam)</span> <span class='ocrx_word' id='word_1_231' title='bbox 382 4274 532 4335; x_wconf 77' lang='lat' dir='ltr'>ccclesiae</span> <span class='ocrx_word' id='word_1_232' title='bbox 570 4277 773 4355; x_wconf 77' lang='lat' dir='ltr'>disciplinam</span> <span class='ocrx_word' id='word_1_233' title='bbox 808 4276 1004 4346; x_wconf 78' lang='lat' dir='ltr'>irastitu&#39;tur3</span> <span class='ocrx_word' id='word_1_234' title='bbox 1042 4273 1122 4335; x_wconf 87' lang='lat' dir='ltr'>nihil</span> <span class='ocrx_word' id='word_1_235' title='bbox 1156 4281 1269 4334; x_wconf 86' lang='lat' dir='ltr'>rantra</span> 
     </span>
     <span class='ocr_line' id='line_1_31' title="bbox 141 4377 1269 4459; baseline 0.001 -21"><span class='ocrx_word' id='word_1_236' title='bbox 141 4377 318 4438; x_wconf 76' lang='lat' dir='ltr'>doctrinam</span> <span class='ocrx_word' id='word_1_237' title='bbox 340 4378 545 4439; x_wconf 75' lang='lat' dir='ltr'>christianam</span> <span class='ocrx_word' id='word_1_238' title='bbox 557 4382 774 4459; x_wconf 60' lang='lat' dir='ltr'>praecipitum</span> <span class='ocrx_word' id='word_1_239' title='bbox 794 4381 895 4458; x_wconf 76' lang='lat' dir='ltr'>utplus</span> <span class='ocrx_word' id='word_1_240' title='bbox 913 4400 951 4440; x_wconf 93' lang='lat' dir='ltr'>ac</span> <span class='ocrx_word' id='word_1_241' title='bbox 966 4378 1092 4440; x_wconf 85' lang='lat' dir='ltr'>dicendi</span> <span class='ocrx_word' id='word_1_242' title='bbox 1109 4378 1269 4439; x_wconf 72' lang='lat' dir='ltr'>ruothadus</span> 
     </span>
     <span class='ocr_line' id='line_1_32' title="bbox 139 4461 1266 4563; baseline 0.002 -23"><span class='ocrx_word' id='word_1_243' title='bbox 139 4481 287 4559; x_wconf 71' lang='lat' dir='ltr'>proxime</span> <span class='ocrx_word' id='word_1_244' title='bbox 321 4484 473 4544; x_wconf 82' lang='lat' dir='ltr'>accedunt</span> <span class='ocrx_word' id='word_1_245' title='bbox 502 4483 546 4544; x_wconf 90' lang='lat' dir='ltr'>od</span> <span class='ocrx_word' id='word_1_246' title='bbox 574 4484 696 4547; x_wconf 82' lang='lat' dir='ltr'>Nouum</span> <span class='ocrx_word' id='word_1_247' title='bbox 730 4461 970 4558; x_wconf 73' lang='lat' dir='ltr'>Testamentum,</span> <span class='ocrx_word' id='word_1_248' title='bbox 1002 4501 1099 4563; x_wconf 82' lang='lat' dir='ltr'>aeque</span> <span class='ocrx_word' id='word_1_249' title='bbox 1133 4481 1266 4561; x_wconf 85' lang='lat' dir='ltr'>aliquid,</span> 
     </span>
     <span class='ocr_line' id='line_1_33' title="bbox 142 4584 1267 4669; baseline -0.004 -22"><span class='ocrx_word' id='word_1_250' title='bbox 142 4584 230 4665; x_wconf 77' lang='lat' dir='ltr'>pund</span> <span class='ocrx_word' id='word_1_251' title='bbox 252 4603 316 4646; x_wconf 84' lang='lat' dir='ltr'>aon</span> <span class='ocrx_word' id='word_1_252' title='bbox 338 4595 385 4647; x_wconf 86' lang='lat' dir='ltr'>est</span> <span class='ocrx_word' id='word_1_253' title='bbox 405 4586 540 4648; x_wconf 75' lang='lat' dir='ltr'>maxime</span> <span class='ocrx_word' id='word_1_254' title='bbox 554 4588 625 4649; x_wconf 86' lang='lat' dir='ltr'>aira</span> <span class='ocrx_word' id='word_1_255' title='bbox 642 4591 817 4667; x_wconf 73' lang='lat' dir='ltr'>apostolico</span> <span class='ocrx_word' id='word_1_256' title='bbox 833 4590 972 4669; x_wconf 77' lang='lat' dir='ltr'>dipnum,</span> <span class='ocrx_word' id='word_1_257' title='bbox 997 4587 1031 4647; x_wconf 88' lang='lat' dir='ltr'>in</span> <span class='ocrx_word' id='word_1_258' title='bbox 1049 4586 1267 4664; x_wconf 77' lang='lat' dir='ltr'>comperitur.</span> 
     </span>
    </p>
   </div>
   <div class='ocr_carea' id='block_1_3' title="bbox 142 4685 1405 4778">
    <p class='ocr_par' dir='ltr' id='par_1_11' title="bbox 142 4685 1405 4778">
     <span class='ocr_line' id='line_1_34' title="bbox 142 4685 1405 4778; baseline -0.003 -28"><span class='ocrx_word' id='word_1_259' title='bbox 142 4687 180 4750; x_wconf 84' lang='lat' dir='ltr'>Et</span> <span class='ocrx_word' id='word_1_260' title='bbox 208 4687 267 4749; x_wconf 87' lang='lat' dir='ltr'>alio</span> <span class='ocrx_word' id='word_1_261' title='bbox 298 4685 433 4770; x_wconf 79' lang='lat' dir='ltr'>loco²):</span> <span class='ocrx_word' id='word_1_262' title='bbox 471 4689 532 4751; x_wconf 86' lang='lat' dir='ltr'>Illo</span> <span class='ocrx_word' id='word_1_263' title='bbox 564 4691 625 4771; x_wconf 12' lang='lat' dir='ltr'>aia,</span> <span class='ocrx_word' id='word_1_264' title='bbox 646 4701 676 4752; x_wconf 86' lang='lat' dir='ltr'>et</span> <span class='ocrx_word' id='word_1_265' title='bbox 706 4687 846 4778; x_wconf 78' lang='grc' dir='ltr'>ἐνέργεια</span> <span class='ocrx_word' id='word_1_266' title='bbox 877 4692 988 4754; x_wconf 82' lang='lat' dir='ltr'>diuina</span> <span class='ocrx_word' id='word_1_267' title='bbox 1019 4690 1133 4769; x_wconf 87' lang='lat' dir='ltr'>ubique</span> <span class='ocrx_word' id='word_1_268' title='bbox 1166 4689 1200 4749; x_wconf 87' lang='lat' dir='ltr'>in</span> <span class='ocrx_word' id='word_1_269' title='bbox 1232 4704 1268 4747; x_wconf 86' lang='lat' dir='ltr'>eo</span> <span class='ocrx_word' id='word_1_270' title='bbox 1396 4757 1405 4774; x_wconf 42' lang='grc' dir='ltr'>Ι</span> 
     </span>
    </p>
   </div>
   <div class='ocr_carea' id='block_1_4' title="bbox 141 4787 1269 4878">
    <p class='ocr_par' dir='ltr' id='par_1_12' title="bbox 141 4787 1269 4878">
     <span class='ocr_line' id='line_1_35' title="bbox 141 4787 1269 4878; baseline 0.001 -26"><span class='ocrx_word' id='word_1_271' title='bbox 141 4787 336 4874; x_wconf 60' lang='lat' dir='ltr'>(aunuente)</span> <span class='ocrx_word' id='word_1_272' title='bbox 352 4792 494 4873; x_wconf 76' lang='lat' dir='ltr'>resulpet,</span> <span class='ocrx_word' id='word_1_273' title='bbox 511 4811 590 4873; x_wconf 81' lang='lat' dir='ltr'>quae</span> <span class='ocrx_word' id='word_1_274' title='bbox 605 4813 664 4858; x_wconf 81' lang='lat' dir='ltr'>auo</span> <span class='ocrx_word' id='word_1_275' title='bbox 678 4795 805 4878; x_wconf 78' lang='lat' dir='ltr'>sulpure</span> <span class='ocrx_word' id='word_1_276' title='bbox 817 4797 959 4877; x_wconf 84' lang='lat' dir='ltr'>percellit</span> <span class='ocrx_word' id='word_1_277' title='bbox 973 4796 1108 4857; x_wconf 72' lang='lat' dir='ltr'>aninum</span> <span class='ocrx_word' id='word_1_278' title='bbox 1121 4789 1250 4870; x_wconf 75' lang='lat' dir='ltr'>tepentis</span> <span class='ocrx_word' id='word_1_279' title='bbox 1256 4808 1269 4864; x_wconf 88' lang='lat'>‚·</span> 
     </span>
    </p>
   </div>
   <div class='ocr_carea' id='block_1_5' title="bbox 180 5010 966 5090">
    <p class='ocr_par' dir='ltr' id='par_1_13' title="bbox 180 5010 966 5090">
     <span class='ocr_line' id='line_1_36' title="bbox 180 5010 966 5090; baseline 0.008 -25"><span class='ocrx_word' id='word_1_280' title='bbox 180 5014 208 5081; x_wconf 85' lang='lat'>1)</span> <span class='ocrx_word' id='word_1_281' title='bbox 226 5011 308 5067; x_wconf 80' lang='lat' dir='ltr'>Pracl.</span> <span class='ocrx_word' id='word_1_282' title='bbox 326 5030 352 5083; x_wconf 87' lang='lat' dir='ltr'>p.</span> <span class='ocrx_word' id='word_1_283' title='bbox 371 5010 455 5069; x_wconf 74' lang='lat' dir='ltr'><strong>CCVI.</strong></span> <span class='ocrx_word' id='word_1_284' title='bbox 702 5017 708 5090; x_wconf 87' lang='grc' dir='ltr'>Ι</span> <span class='ocrx_word' id='word_1_285' title='bbox 754 5019 785 5087; x_wconf 83' lang='lat'>2)</span> <span class='ocrx_word' id='word_1_286' title='bbox 803 5018 832 5073; x_wconf 86' lang='lat' dir='ltr'>ln</span> <span class='ocrx_word' id='word_1_287' title='bbox 849 5018 966 5073; x_wconf 79' lang='lat' dir='ltr'>Dedicat.</span> 
     </span>
    </p>
   </div>
   <div class='ocr_carea' id='block_1_6' title="bbox 0 0 1555 6450">
    <p class='ocr_par' dir='ltr' id='par_1_14' title="bbox 0 0 1555 6450">
     <span class='ocr_line' id='line_1_37' title="bbox 0 0 1555 6450; baseline 0 0"><span class='ocrx_word' id='word_1_288' title='bbox 0 0 1555 6450; x_wconf 95' lang='lat' dir='ltr'> </span> 
     </span>
    </p>
   </div>
  </div>
 </body>
</html>
