3067 6450
307 1176 443 1232 nEnlleE
462 1177 597 1232 Pesroo.
632 1178 728 1233 llBEll
745 1179 776 1232 ll.
813 1179 959 1234 bellun.
977 1181 1019 1238 lll.
1038 1182 1090 1238 vn.
1199 1188 1262 1256 359

132 1338 189 1405 καὶ
210 1329 407 1426 pellemini
421 1335 561 1402 πίστευε.
585 1334 689 1420 Ἔχεις
715 1342 780 1404 Dei.
825 1343 923 1406 Habes
958 1363 1033 1428 ergo
1064 1355 1260 1432 uirorumque
1361 1384 1363 1389 ·

135 1435 194 1513 οὖν
227 1437 419 1532 ἀμφοτέρων
453 1448 515 1506 τῶν
547 1438 687 1528 ἀγγέλων
715 1447 878 1511 Geniorum
900 1466 1002 1530 opero.

135 1548 195 1625 τᾶς
216 1546 381 1636 ἐνεργείας.

135 1657 274 1739 {melligo
305 1673 401 1733 nune,
435 1660 462 1716 el
493 1654 584 1716 crede
609 1653 704 1717 Genio
727 1656 903 1737 nequimus,
936 1658 1003 1739 quia
1028 1660 1161 1724 iloclrina
1186 1664 1264 1729 illius

135 1764 217 1825 bono
240 1767 294 1823 esi.
325 1760 407 1822 Lieel
434 1760 511 1822 eninr
535 1762 574 1821 sil
597 1760 786 1824 felicissimus
811 1761 909 1840 bomo,
933 1769 962 1824 et
984 1767 1126 1848 cogilolio
1143 1769 1264 1834 ollerius

136 1867 226 1930 Genii
248 1865 391 1928 escendat
414 1865 443 1925 ln
469 1882 522 1927 eor
546 1866 624 1928 illius
632 1887 641 1941 3
674 1873 791 1946 oporlel
816 1867 894 1929 illurn
917 1870 1013 1930 virum
1038 1879 1087 1933 aul
1110 1874 1265 1937 mulierem
1344 1928 1348 1939 .

135 1988 276 2054 peccare.
322 1969 355 2034 Si
378 1977 474 2033 aulem
499 1971 586 2032 eriam
609 1971 809 2051 nequissimus
834 1973 879 2033 vir
904 1961 993 2036 luerit
1015 1981 1064 2037 ool
1086 1978 1207 2058 mulier,
1235 1987 1265 2042 el

135 2076 327 2140 ascenderint
357 2076 386 2137 in
417 2093 472 2137 cor
501 2076 577 2138 illius
609 2094 701 2157 opera
731 2074 816 2138 Genii
848 2079 1003 2157 aequitalis
1012 2099 1021 2154 ;
1053 2100 1180 2144 neeesse
1208 2094 1264 2166 esi,

134 2182 221 2244 illum
252 2188 302 2243 aul
324 2180 402 2242 illam
426 2180 536 2262 aliquid
561 2181 630 2242 boni
656 2180 765 2243 locere.
812 2180 902 2244 Vides
927 2202 1020 2266 ergo,
1053 2186 1132 2266 quod
1154 2189 1263 2254 bonum

135 2293 199 2366 esl,
225 2285 347 2348 Genium
370 2286 527 2366 aequitalis
550 2286 644 2365 sequi.
691 2285 721 2347 Si
745 2304 820 2371 ergo
846 2286 922 2349 illurn
948 2297 1069 2352 seculus
1093 2291 1202 2371 fueris,
1235 2300 1264 2357 el

135 2390 303 2455 credideris
327 2391 469 2471 operibus
493 2391 580 2469 illius,
605 2390 688 2452 vives
708 2390 786 2467 Deo;
811 2397 840 2452 ei
856 2393 906 2472 qui
923 2393 1105 2458 crediderint
1121 2398 1262 2477 operibus

136 2497 237 2575 illius,
260 2497 361 2559 vivenl
384 2496 479 2558 Deo.“

558 2649 743 2731 llonlolunr
780 2648 846 2732 llll.

294 2794 342 2855 De
365 2793 433 2856 Deo
457 2793 590 2854 timendo
614 2800 643 2852 el
661 2791 823 2855 Daemone
846 2814 910 2858 nori
933 2798 1106 2861 melnen-do.

186 2916 194 2953 ¹
213 2915 326 2995 Φοβοῠ
347 2908 405 2979 τόν
425 2909 532 3002 κύριον
553 2909 603 2975 καὶ
626 2902 687 2999 qrb-
762 2913 770 2951 ¹
789 2917 926 2994 »Τιήιιεῤι
944 2919 1047 2999 inquil,
1064 2920 1261 2999 „Dolomene

135 3021 236 3101 boore
258 3018 315 3095 τὰς
338 3012 470 3095 ἐντολάς
492 3011 606 3082 αὐτοῦ·
636 3014 687 3080 καὶ
715 3021 1117 3100 elinaodaloejuscosiodi.
1131 3025 1261 3087 Servans

135 3121 194 3211 ἔσῃ
225 3119 357 3200 δυνατός
379 3121 413 3189 ἐν
435 3115 564 3210 πράξει,
594 3120 645 3186 καὶ
668 3113 686 3208 ἦ
715 3124 792 3185 enirn
810 3131 968 3206 proecoplo
985 3127 1050 3204 Dei,
1078 3129 1138 3188 eris
1155 3135 1261 3209 polens

139 3229 263 3316 πρᾶξίς
294 3251 352 3296 σου
382 3222 567 3316 ἀσύγκριτος
590 3222 686 3293 ἔσται.
715 3229 933 3306 mommerlo,
958 3237 987 3291 el
1003 3249 1091 3292 omne
1108 3233 1261 3312 nogolium

142 3327 352 3417 Φοβούμενος
372 3327 560 3422 reverberor,
583 3331 689 3398 πάντα
716 3335 772 3396 oril
788 3334 1026 3414 incomparabile.
1053 3334 1171 3395 Timens
1184 3336 1261 3397 enim

137 3437 220 3504 nala*
234 3432 365 3527 ἐργάσῃ·
384 3432 478 3514 οὗτός
492 3436 577 3505 ἐστιν
593 3432 611 3502 ὁ
627 3433 686 3525 recl·
716 3439 883 3515 Dominum,
901 3437 997 3498 omnia
1014 3438 1092 3499 bono
1109 3440 1262 3519 operabe-

138 3547 208 3626 βος,
232 3542 266 3608 ὃν
286 3544 338 3609 δεῖ
359 3566 393 3610 σε
407 3543 611 3634 φοβηθῇ-ναι·
633 3537 689 3607 ’τόν
717 3545 767 3604 ris.
807 3542 860 3604 llio
884 3549 928 3603 esi
953 3542 1049 3620 timor,
1072 3561 1132 3621 quo
1156 3543 1262 3606 llorere

138 3642 290 3730 διάβολον
310 3648 352 3737 μή
373 3653 533 3738 φόβῃ-θῇς,
561 3641 612 3713 ὅτι
635 3637 688 3712 δύ-
717 3653 851 3728 oporlol,
884 3654 914 3708 ul
937 3647 1036 3707 solvus
1060 3651 1129 3707 esse
1152 3647 1261 3727 possis.

137 3778 232 3836 ναμις
254 3751 286 3818 ἐν
307 3746 393 3838 αὐτῷ
414 3751 469 3819 οὐκ
492 3748 585 3829 ἔστιν,
613 3743 689 3817 οὐδὲ
717 3752 872 3814 Diabolum
896 3757 993 3813 eutem
1018 3768 1056 3812 ne
1079 3751 1198 3825 limeos;
1223 3749 1264 3811 ri-

139 3850 262 3947 φόβος·
292 3856 324 3924 ἐν
351 3849 377 3944 ᾧ
406 3857 441 3923 δὲ
470 3886 489 3947 η
513 3850 646 3939 δύναμις
669 3846 690 3943 ἦ
718 3874 801 3918 mens
824 3857 900 3918 enirn
926 3856 1099 3932 Dominum,
1123 3853 1262 3915 ‹lomina-

139 3959 284 4045 ἔνδοξος,
314 3962 367 4029 καὶ
396 3954 500 4051 φόβος
531 3961 561 4028 ἐν
591 3959 689 4047 αὐτῷ.
717 3962 798 4024 beris
822 3963 898 4024 illius
907 3984 916 4038 3
949 3962 1017 4042 quio
1040 3959 1135 4020 virlus
1159 3958 1187 4019 in
1212 3957 1262 4020 illo

138 4069 215 4143 Πᾶς
244 4063 304 4156 γάρ
334 4059 353 4133 ὁ
383 4060 513 4149 δύναμιν
535 4062 617 4148 ἔχων
639 4064 690 4130 καὶ
717 4066 797 4128 nulla
820 4074 875 4128 esl.
908 4066 939 4128 ln
963 4082 1023 4146 quo
1047 4070 1145 4126 aulem
1169 4064 1263 4125 virius

139 4169 246 4261 φόβον
267 4168 348 4254 ε”χεν
372 4170 389 4237 ὁ
411 4171 447 4236 δὲ
468 4166 510 4259 μή
533 4167 613 4255 ἔχων
636 4168 689 4236 ilrl-
718 4190 777 4233 non
802 4179 857 4248 esi,
880 4172 905 4232 is
929 4190 967 4231 no
983 4167 1129 4231 liniendus
1146 4168 1265 4250 quidem

138 4299 229 4360 ναμιν
264 4271 329 4343 ὑπὸ
366 4269 493 4342 πάντων
527 4300 690 4365 καταφρο-
718 4286 772 4339 esl.
809 4276 840 4338 ln
857 4293 916 4356 quo
932 4293 1006 4338 vero
1023 4277 1116 4338 virlus
1132 4275 1266 4357 glorioso

138 4384 244 4446 νεῖται.
718 4390 774 4459 esi,
787 4382 812 4442 is
824 4381 909 4442 eliam
921 4380 1069 4443 limendus
1084 4387 1138 4443 osi.
1164 4379 1265 4442 Omnis

718 4487 796 4549 eninr
818 4485 953 4547 vlrlulem
977 4484 1089 4546 hebens
1114 4485 1200 4545 oliam
1224 4482 1265 4543 li-

718 4588 913 4665 mendrrses13
926 4607 992 4650 noro
1002 4590 1051 4669 qui
1061 4588 1195 4656 virtulem
1205 4602 1265 4646 non

718 4693 817 4773 babel,
838 4695 876 4759 ob
900 4693 1035 4757 omnibus
1058 4691 1264 4753 conlomnilur.

178 4848 207 4916 1)
231 4847 399 4902 Ecclesioolos
428 4851 475 4916 12,
505 4852 544 4903 13.
592 4852 689 4908 Graeco
718 4852 785 4904 born.
801 4851 859 4903 127.
883 4849 938 4900 lluo
958 4856 1041 4899 aulem
1061 4846 1174 4913 respexit
1186 4847 1265 4899 cren.

141 4945 199 4991 sunl
228 4953 260 4988 ex
293 4942 382 4993 Doerr.
412 4942 446 4992 od
476 4942 592 4993 Antiocb.
621 4958 644 4993 n.
664 4942 688 4990 7.
719 4944 793 4993 Alex.
826 4938 917 4989 Sironr.
946 4934 983 4999 11,
1016 4934 1055 4985 12.
1087 4949 1112 5000 p.
1142 4930 1193 4982 ⁴58
1224 4930 1265 4982 od.

141 5042 166 5095 p.
186 5026 246 5079 255.
288 5024 399 5077 Exhibel
428 5043 459 5078 ee
491 5034 517 5077 et
545 5030 691 5082 Anlioelrue
719 5026 810 5076 venel.
