3067 6450
455 1202 475 1257 Ι.
494 1202 676 1258 ctsstlssntls
695 1203 740 1256 ΑΙ)
760 1202 834 1257 COR.
853 1204 893 1258 lx·
912 1204 942 1257 X·
1218 1207 1261 1276 67

140 1448 186 1512 lX.
231 1450 387 1531 herapia
409 1450 611 1527 Sanctorum,
637 1452 691 1531 poi
711 1452 773 1531 fide
796 1460 826 1513 et
849 1451 1028 1515 obedientia
1049 1463 1105 1517 etc.
1126 1455 1264 1534 gratiam

375 1555 438 1618 Dei
459 1564 534 1619 sant
556 1555 723 1618 consecuti.
770 1556 879 1617 Enorb
904 1563 933 1617 et
955 1555 1029 1619 Noe.

225 1677 327 1752 Quare
349 1677 524 1760 magnificae
547 1677 613 1759 ejus
638 1682 668 1738 et
695 1676 849 1760 gloriosae
876 1675 1020 1739 voluntati
1051 1679 1261 1759 obsequamur,

138 1787 166 1845 et
187 1781 366 1863 suppliciter
394 1779 630 1844 misericordiam
664 1786 694 1842 et
724 1780 937 1862 benignitatem
970 1783 1035 1861 ejus
1059 1781 1261 1863 implorantes,

137 1884 250 1947 relictis
277 1881 387 1947 ¹vanis
411 1883 570 1965 operibus,
602 1886 795 1948 contentione
826 1891 855 1946 el
878 1884 1093 1962 aemulatione,
1125 1905 1202 1966 quae
1225 1886 1261 1949 ad

136 1995 265 2051 mortem
288 1987 377 2067 ducit,
400 1987 437 2051 ad
459 1988 667 2052 miserationes
690 1991 756 2071 ejus
781 1989 974 2051 advolvamur
997 1995 1026 2050 el
1043 1997 1262 2054 convertamur.

138 2089 368 2165 1ιῑῑιῑιοοιιιῑε
390 2094 556 2155 intueamur
579 2112 650 2174 eos,
681 2097 730 2176 qni
762 2095 936 2177 magnificae
960 2097 1026 2176 ejus
1049 2095 1164 2178 gloriae
1187 2114 1262 2177 per-

138 2195 216 2259 fecte
240 2197 451 2259 inservierunt.
480 2193 660 2263 ³Sumamus
676 2198 839 2277 Enocbum,
863 2200 912 2280 qui
936 2200 964 2261 in
982 2200 1150 2262 obedientia
1163 2201 1263 2281 justus

138 2306 289 2380 repertus,
312 2301 470 2364 translatus
494 2301 563 2380 luit,
596 2322 697 2385 neqne
728 2322 808 2367 mors
833 2306 899 2387 eJ'us
924 2306 1044 2367 inventa
1067 2311 1122 2366 est
1167 2302 1264 2369 ‘Noe

138 2404 234 2467 lidelis
257 2406 415 2483 inventus,
445 2424 501 2486 per
528 2408 721 2470 ministerium
752 2426 837 2471 suum
870 2408 979 2471 mondo
1002 2409 1263 2491 regenerationem

139 2508 322 2588 praedicavit
330 2531 339 2584 ;
363 2516 393 2570 et
414 2529 469 2591 per
492 2529 559 2574 cum
582 2512 729 2591 animalia,
753 2532 830 2594 quae
846 2514 876 2576 in
892 2513 1054 2576 concordia
1077 2531 1175 2575 arcam
1193 2519 1264 2576 sunt

139 2614 295 2696 ingressa,
318 2615 449 2677 servavit
473 2615 626 2679 Dominus.

446 2805 482 2868 X.
530 2806 741 2870 Continuatio.
787 2806 957 2871 Abrabam.

224 2925 422 3005 Abrabsmus,
446 2924 582 2991 ⁵amieus
605 2936 740 3006 vocatus,
762 2929 858 2992 lidelis
882 2931 1021 2993 inventus
1046 2937 1103 3008 est,
1126 2946 1164 2992 eo
1181 2926 1262 3009 quod

139 3028 240 3092 verbis
264 3028 319 3091 Dei
342 3031 571 3112 obtemperaret
616 3032 748 3114 liicper
772 3034 971 3098 obedientiam
994 3041 1210 3112 elenenses,
1245 3050 1264 3096 a

140 3135 323 3217 cognatione
345 3154 399 3199 soa
422 3143 453 3199 et
475 3135 565 3200 domo
588 3139 741 3220 patrissui
758 3157 901 3220 egressus
919 3145 974 3217 est,
999 3144 1029 3200 ut
1045 3139 1156 3219 exigua
1172 3143 1263 3213 terra,

139 3227 436 3323 cognatione'debili
459 3249 488 3305 et
504 3243 592 3306 domo
609 3263 699 3325 parva
713 3244 865 3323 derelicta,
888 3245 1104 3326 promissiones
1121 3242 1174 3304 Dei
1187 3259 1264 3322 pos-

137 3344 259 3414 sideret,
303 3344 380 3408 Dicit
404 3347 481 3408 enim
505 3347 548 3409 ei:
578 3343 662 3410 ⁶eai
685 3349 723 3409 de
747 3359 832 3412 terra
855 3358 928 3424 tao,
957 3358 986 3410 et
1017 3349 1057 3410 de
1079 3345 1264 3426 cognatione

137 3457 201 3526 trra,
225 3456 259 3512 et
278 3448 317 3511 de
340 3450 430 3513 domo
451 3451 555 3528 patris
579 3454 635 3528 lai,
659 3461 689 3513 et
711 3453 791 3514 eade
813 3454 844 3513 in
870 3460 994 3527 terram,
1019 3470 1111 3530 qaam
1132 3448 1186 3510 tibi
1208 3448 1264 3509 de·

136 3553 317 3617 monstrabo
323 3573 337 3626 ,·
368 3561 399 3615 et
425 3553 545 3631 samam
575 3566 603 3618 te
633 3558 666 3617 ia
694 3565 815 3637 gentem
842 3574 1002 3635 magnam,
1033 3562 1063 3616 et
1085 3553 1266 3616 benedicam

137 3658 205 3736 tibi,
230 3666 262 3719 et
281 3658 488 3738 magnificabo
510 3677 622 3723 nomen
646 3669 740 3736 taam,
765 3668 795 3721 et
817 3661 881 3721 eris
904 3659 1102 3733 benedictas3
1124 3665 1154 3720 et
1170 3655 1264 3717 bene·

138 3762 242 3824 dicam
264 3761 513 3825 benedicentibus
536 3763 606 3842 tibi,
638 3773 668 3826 et
693 3765 879 3826 maledicam
908 3761 1165 3825 maledicentibus
1197 3760 1264 3837 tibi,

138 3873 166 3926 et
188 3864 413 3928 benedicentur
436 3867 469 3929 in
491 3875 519 3927 te
543 3887 648 3930 omnes
672 3869 772 3931 tribas
796 3879 908 3931 terrae.
953 3866 990 3929 Et
1012 3885 1135 3945 rursus,
1171 3859 1265 3926 ⁷cum

138 3968 233 4033 aLot
257 3969 433 4049 secederet,
457 3971 531 4034 dixit
553 3973 582 4033 ei
605 3972 704 4036 Deus:
736 3968 888 4053 ⁸respiee
913 3972 1013 4035 acatia
1037 3972 1115 4048 tais,
1140 3976 1170 4031 et
1191 3966 1265 4031 cide
1315 4008 1321 4021 ·

138 4167 235 4213 tomas.
269 4159 350 4213 Nesso
368 4163 438 4214 enim
457 4162 567 4214 Petram
585 4161 688 4226 majore
750 4160 777 4222 5)
798 4158 848 4212 Cle.
868 4159 921 4211 iae.
941 4161 972 4224 2,
994 4160 1036 4212 23.
1072 4157 1150 4210 llebr.
1171 4154 1218 4221 11,
1238 4155 1264 4206 8.

138 4247 248 4298 licentis
270 4262 342 4300 asae
365 4255 406 4300 cst
425 4248 454 4298 ia
473 4249 588 4300 citandis
607 4256 685 4299 anto·
716 4245 781 4294 Oret
798 4247 864 4308 alios
882 4263 913 4298 ex
932 4244 1064 4298 Clemente
1084 4240 1264 4305 Alexandrino,

137 4334 233 4398 mbas,
260 4334 320 4386 stae
341 4336 449 4394 saeris,
476 4336 536 4387 sice
558 4335 688 4397 atlanticis,
715 4335 758 4401 qui
784 4332 867 4384 locum
891 4339 1003 4382 nostram
1025 4331 1201 4382 abbreviatum
1219 4343 1264 4378 rc-

140 4433 201 4470 ms
224 4420 251 4470 α’
274 4421 305 4470 in
329 4436 403 4473 ms
427 4422 480 4485 sit,
507 4435 561 4472 noa
587 4421 689 4488 integra
716 4421 786 4481 citat,
805 4420 937 4468 restituunt
956 4416 1072 4467 Davisius
1091 4425 1117 4468 et
1134 4413 1265 4467 Bleekius.

139 4510 264 4556 mm
280 4508 362 4559 ceris
380 4523 485 4574 semper
500 4508 623 4569 recitare,
642 4506 691 4556 sed
716 4503 767 4554 Sed
787 4520 836 4554 non
856 4514 904 4567 est,
925 4520 969 4555 cur
987 4512 1121 4554 mutemus.

139 4605 189 4657 m
214 4592 326 4644 ntem
352 4609 405 4645 m
428 4608 500 4644 nunc
524 4594 687 4657 constraiere,
751 4591 780 4652 b)
800 4589 863 4641 Gen.
884 4591 925 4656 12,
946 4589 1020 4642 1-3.

140 4690 212 4728 mc
230 4677 262 4730 de
278 4694 330 4731 ene
345 4680 474 4745 inserere,
495 4680 549 4730 alia
561 4680 688 4744 omittere,
751 4676 781 4735 ⁷l
800 4675 838 4726 Ad
856 4675 974 4740 (lemlss,
991 4676 1019 4725 11
1040 4674 1179 4741 respicieps
1191 4673 1266 4726 Natta

140 4762 196 4814 dl'·
212 4766 302 4818 wt't't
317 4765 405 4818 udis
422 4774 534 4819 nutare·
717 4761 836 4827 conjicit:
855 4760 881 4811 ir
897 4768 931 4829 τῷ
946 4761 1134 4829 delegeremus
1144 4754 1209 4808 Aair
1223 4752 1266 4806 ἐπ’

176 4847 207 4914 3)
224 4845 287 4900 Gerr.
306 4848 333 4912 ⁵,
352 4847 396 4901 2⁴.
429 4848 509 4904 llebr.
530 4850 571 4914 11,
594 4850 619 4901 5.
716 4844 798 4898 ωὖτοῡ.

174 4933 207 5002 d)
226 4932 348 5000 Gea.b,8.
359 4935 415 5002 t,1.
427 4935 582 5001 urtella.
595 4935 689 4989 llPetr.
752 4936 781 5001 8)
801 4935 862 4991 Gen.
885 4935 927 5001 13,
948 4933 1058 4986 11-16.

143 5019 206 5084 2,5.
243 5017 296 5074 Cir.
315 5037 392 5091 snpra
409 5039 432 5076 c.
446 5024 471 5074 7.
490 5038 516 5092 p.
530 5022 574 5075 64.
592 5023 651 5077 llot.
667 5024 689 5076 1.

1006 5107 1057 5173 59
