3067 6450
295 1160 359 1226 396
509 1119 648 1210 cunum
666 1154 802 1210 unsrun.
838 1155 933 1211 ιιιτιι
952 1155 994 1211 ιιι
1030 1156 1154 1212 smum.
1174 1157 1217 1215 ιι

342 1307 470 1381 Ι’Ἀνουε
498 1306 767 1402 συναμφοτέρων
793 1309 847 1402 τήν
874 1317 1052 1399 ¹„nudt,“
1084 1319 1193 1402 inquit,
1228 1329 1365 1405 „quantu
1387 1324 1419 1387 sit

293 1412 438 1503 δύναμιν,
468 1420 526 1506 τῆς
556 1413 681 1507 τροφῆς
710 1419 762 1485 καλ
786 1426 847 1485 τοῦ
872 1423 917 1485 vis
933 1425 1097 1507 utriusque,
1114 1425 1282 1492 dulcedinis
1298 1447 1419 1512 acpoe·

292 1517 441 1610 βασάνου.
484 1524 548 1613 Τῆς
568 1530 692 1612 τρυφῆς
712 1521 765 1588 καὶ
788 1531 845 1610 τῆς
871 1546 938 1590 nae.
984 1528 1156 1593 Dulcedinis
1186 1551 1246 1596 una
1271 1533 1346 1596 lora
1369 1552 1419 1597 suo

293 1622 419 1716 α’ττοὶτης
434 1620 453 1694 o‘
469 1620 583 1715 χρόνος
601 1624 669 1716 ὥρα
689 1625 756 1694 ἐστὶ
770 1627 844 1712 μία·
872 1634 967 1713 spatio
991 1634 1181 1713 terminatum
1206 1656 1327 1718 poenae
1350 1657 1419 1702 vero

243 1734 249 1743 '
291 1736 350 1823 τῆς
372 1733 409 1800 de
422 1725 562 1814 βασάνου
577 1721 658 1820 ὧραι
676 1731 845 1820 τριάκοντα
872 1756 928 1800 una
961 1737 1034 1801 hora
1064 1738 1183 1820 triginta
1217 1740 1335 1804 dierum
1367 1742 1420 1804 vim

257 1818 267 1843 ⁸
291 1832 414 1928 ἡμερῶν
435 1835 564 1921 δύναμιν
581 1831 720 1919 ἔχουσαι.
754 1835 845 1904 2Ἐοὲν
871 1842 1013 1924 possidet.
1037 1839 1247 1924 ²0uicu1nque
1261 1845 1353 1927 igitur
1366 1864 1419 1909 uno

292 1940 346 2011 οὖν
374 1940 448 2025 μλαν
476 1940 594 2031 ἡμέραν
621 1965 670 2020 τις
697 1934 844 2033 τρυφὴσῃ
872 1945 919 2008 die
942 1947 1109 2028 perceperit
1130 1946 1270 2011 fallacem
1286 1948 1420 2011 dulcedi-

291 2048 342 2115 καλ
366 2041 540 2136 α’ττατρθῇ,
560 2039 646 2130 ιμίαν
668 2047 705 2114 δὲ
726 2043 844 2134 ἡμέραν
870 2070 937 2113 nem
962 2069 997 2113 ac
1018 2051 1210 2132 voluptatem,
1234 2071 1361 2134 unoque
1376 2053 1419 2116 die

290 2154 480 2241 βασανισθῇ,
500 2149 647 2218 ἐνιαυτοῦ
666 2144 844 2240 ὁλοκλήρου
870 2155 1018 2217 cruciatus
1041 2154 1096 2234 sit,
1118 2157 1187 2218 anni
1207 2159 1338 2239 spatium
1361 2159 1418 2222 dies

290 2253 378 2341 ι’σχῠν
400 2253 467 2339 ἔχει
488 2249 508 2345 ἦ
536 2249 638 2346 ἡμέρα
663 2252 760 2342 ἐκείνη
789 2260 844 2341 τίς
870 2257 919 2320 ille
943 2259 1092 2321 cruciatus
1114 2260 1182 2341 ejus
1206 2262 1330 2325 valebit
1371 2263 1417 2342 lta,

289 2359 438 2447 βασάνου.
491 2356 589 2436 Ὅσας
627 2355 680 2427 οὖν
720 2356 842 2447 ἡμέρας
870 2367 943 2444 quot
957 2362 1022 2425 dies
1038 2365 1209 2446 perceperit
1222 2366 1353 2450 quisque
1364 2385 1417 2432 vo-

290 2461 433 2556 τρυοὴοῃ
456 2488 519 2545 τις,
542 2455 716 2541 τοσούτους
737 2463 840 2531 ἐνιαυ-
868 2468 1019 2549 luptatem,
1042 2466 1165 2529 totidem
1190 2471 1278 2532 annis
1303 2472 1416 2535 crucia·

289 2568 368 2648 τούς
389 2562 668 2659 βασανισθήσεται,
702 2568 843 2644 Βλέπεις
868 2576 924 2634 tur.
970 2570 1060 2633 Vides
1083 2572 1189 2655 igitur,
1217 2573 1330 2655 inquit,
1353 2579 1415 2640 exi·

291 2664 357 2753 οὖν,
380 2668 432 2740 ὅτι
452 2681 511 2762 τῆς
531 2675 654 2762 τρυφῆς
679 2673 730 2737 καὶ
754 2665 839 2738 οἰστά-
868 2694 958 2760 guum
997 2693 1066 2738 esse
1101 2680 1218 2758 tempus
1253 2679 1415 2743 mundanae

290 2802 346 2865 της
369 2771 388 2845 ὁ
410 2772 525 2867 χρόνος
547 2775 639 2844 οὐδέν
661 2774 759 2856 ἐστιν,
783 2779 841 2865 τῆς
868 2779 1033 2843 dulcedinis
1053 2797 1089 2843 uc
1108 2780 1280 2862 voluptatis,
1305 2803 1414 2867 poenae

289 2882 326 2950 dd
340 2881 494 2970 τιμωρίας
508 2879 560 2946 καλ
571 2877 716 2964 βασάνου
729 2879 839 2958 πολύς.
868 2903 942 2948 vero
965 2891 1243 2966 tormentorumque
1264 2889 1411 2972 amplius.“

377 2992 412 3053 V.
448 2989 517 3051 Dixi
540 2990 585 3051 ei:
612 2988 761 3070 „domine
784 2990 922 3072 quoniam
940 3007 999 3052 non
1016 2989 1148 3071 intelligo
1164 2992 1266 3054 omnia
1282 3000 1411 3076 tempora

285 3096 365 3158 haec
389 3094 564 3172 dulcedinis,
588 3095 747 3177 voluptatis
772 3113 807 3157 ac
830 3112 957 3176 poenae,
984 3092 1109 3156 lucidius
1132 3093 1203 3155 milri
1228 3094 1266 3159 de
1290 3096 1336 3159 his
1359 3117 1410 3160 en-

289 3201 397 3284 pone.“
437 3198 602 3282 Respondit
618 3201 686 3263 milri
702 3200 824 3264 dicens:
843 3198 1030 3281 „insipientia
1048 3205 1096 3261 tuu
1114 3199 1165 3260 tibi
1181 3209 1409 3281 perseveranter

289 3306 430 3367 inhaeret.
477 3305 585 3367 Nonne
616 3306 662 3368 vis
693 3307 792 3389 potius
822 3307 950 3368 mentem
981 3311 1058 3367 tuom
1087 3303 1269 3386 purificare,
1303 3315 1334 3370 et
1356 3308 1410 3369 lleo

289 3411 431 3473 servire?
470 3410 554 3489 llide,
577 3429 616 3473 nc
638 3411 717 3475 sorte
739 3420 875 3494 tempore
898 3415 1005 3474 exacto
1027 3416 1057 3471 tu
1079 3409 1224 3491 insipiens
1247 3412 1408 3493 reperiaris

288 3513 366 3577 Audi
389 3532 478 3594 nunc,
503 3516 747 3596 quemadmodum
774 3519 830 3596 vis,
853 3534 914 3597 quo
937 3515 1052 3578 lucilius
1074 3513 1237 3596 intelligas.

333 3613 390 3681 3Ὀ
405 3618 536 3704 τρυφῶν
555 3615 607 3682 καλ
622 3610 838 3702 α’ντοτώμενος,
866 3616 953 3694 ³0ui
985 3635 1046 3682 uno
1079 3618 1128 3681 die
1166 3620 1353 3684 commiserit
1383 3638 1408 3684 sc

287 3718 339 3786 καλ
355 3711 515 3808 πράσσων,
537 3712 736 3808 ἃβοὺλεται,
759 3723 839 3787 πολ-
865 3724 1063 3806 voluptatibus
1082 3730 1113 3785 ct
1134 3722 1251 3802 lecerit,
1275 3724 1407 3808 quidquid

287 3819 345 3911 λῆν
366 3818 545 3911 αἰμροοὺννμ
566 3823 744 3892 ἕνδὲιλυται·
769 3825 838 3893 α’ντλ
864 3830 976 3911 appetit
991 3828 1105 3890 animus
1121 3829 1198 3910 ejus,
1220 3829 1348 3909 plurima
1364 3850 1405 3893 re·

286 3926 347 4013 γάρ
381 3928 436 4011 τῆς
468 3929 593 4015 τρυφῆς
624 3927 677 3995 καλ
711 3928 838 4019 α’ττάτης
862 3935 961 4016 plctur
972 3932 1102 4010 stultitia,
1114 3949 1171 3993 uec
1182 3931 1335 4015 intelligit,
1347 3931 1405 4015 quid

288 4030 417 4116 ἑκάστης
431 4025 548 4120 ἡμέρας
568 4030 718 4099 ἀποτίσει
737 4032 837 4115 βάσα-
863 4040 1009 4113 admittat3
1032 4054 1067 4098 ac
1091 4036 1139 4098 dic
1156 4041 1284 4117 postero
1307 4039 1405 4101 oblivi-

286 4158 338 4201 νον
352 4128 495 4224 μεγάλην,
518 4134 658 4205 ἐνιαυτόν
672 4147 711 4228 τῇ
725 4132 835 4229 ἡμέρᾳ.
862 4144 963 4222 scitur,
973 4140 1042 4224 quid
1053 4140 1157 4203 lecerit
1165 4139 1279 4222 pridie;
1289 4141 1404 4205 dulcedo

288 4243 365 4305 enirn
398 4249 426 4304 et
458 4245 595 4328 voluptas
624 4247 771 4311 mundana
799 4248 907 4311 nullam
939 4246 1110 4308 memoriam
1143 4244 1258 4308 habent
1292 4254 1404 4330 propter

287 4348 454 4427 stultitiam,
477 4368 554 4429 quae
577 4352 664 4414 insita
687 4358 734 4415 ost
756 4353 823 4415 illis.
869 4351 965 4426 Ouum
987 4367 1061 4413 vero
1084 4366 1145 4412 uno
1170 4347 1222 4412 die
1250 4351 1404 4414 accesserit

287 4453 397 4515 homini
419 4454 565 4515 cruciatus
589 4474 624 4517 ac
646 4474 759 4537 poena,
783 4464 847 4519 toto
872 4475 950 4520 anno
973 4460 1128 4537 torquetur
1136 4474 1146 4530 3
1171 4472 1313 4537 magnam
1336 4457 1403 4518 enin

286 4558 457 4620 memorium
487 4557 621 4638 possidet
648 4578 755 4640 poena.
801 4563 876 4625 'l'oto
907 4564 998 4645 igitur
1028 4578 1106 4624 anno
1138 4560 1247 4624 dolens
1272 4562 1400 4636 meminit

287 4669 316 4725 et
339 4670 408 4725 tunc
430 4661 606 4725 recordatur
629 4662 794 4729 dulcedinis
810 4667 887 4731 illius
903 4684 997 4730 venne
1012 4684 1048 4730 ac
1063 4665 1234 4748 voluptatis,
1258 4672 1291 4730 et
1313 4666 1399 4741 sentit,

324 4818 350 4880 t)
369 4815 407 4867 Ex
426 4822 514 4872 Doctr-
533 4819 568 4871 ud
585 4820 704 4871 Antinoo.
724 4818 740 4870 l.
761 4833 784 4870 c.
896 4821 925 4889 3)
943 4818 982 4872 lix
1008 4824 1099 4876 uoco.
1126 4822 1161 4874 od
1186 4822 1310 4877 Antidot-
1334 4821 1349 4875 l
1369 4835 1397 4880 τι

322 4904 350 4971 2)
374 4904 468 4956 laudat
495 4904 561 4956 hunc
586 4903 669 4956 locum
695 4908 833 4976 θήρευσε,
861 4907 906 4960 sed
935 4923 1029 4977 graecu
1059 4908 1141 4961 latinis
1169 4922 1224 4959 nou
1255 4907 1333 4977 plane
1363 4922 1395 4960 rc·

288 4988 353 5041 hom.
364 4992 380 5042 8
394 4993 419 5043 iu
428 4992 500 5044 llum.
511 4989 538 5044 l.
548 4990 579 5045 11.
592 5007 617 5059 p.
629 4990 688 5043 294.
702 4993 742 5045 ed.
753 4994 832 5047 liure.
861 4995 994 5063 spondent.
