3067 6450
396 1217 535 1274 BERllei
552 1219 689 1274 PASTOR.
725 1219 823 1273 blllElt
842 1219 883 1273 lll.
920 1218 1044 1273 stulttia.
1063 1218 1104 1274 ut.
1249 1219 1315 1287 433

185 1398 294 1445 omnes
317 1381 381 1443 dies
404 1382 483 1444 vitae
506 1397 590 1460 suae,
614 1381 720 1444 eodem
744 1399 852 1446 sensus
876 1389 991 1445 tenore.
1030 1381 1214 1461 Quicumque
1237 1398 1312 1465 ergo

183 1487 444 1569 permanserint,“
478 1486 589 1567 inquit,
621 1489 717 1566 „sicut
739 1487 886 1564 inientes,
915 1504 973 1549 non
999 1485 1144 1548 habentes
1168 1485 1313 1564 malitiam,

186 1588 429 1654 'honoratiores
453 1599 540 1653 erunt
564 1593 700 1655 omnibus
720 1593 791 1670 illis,
815 1608 891 1673 quoa
912 1592 972 1673 jam
996 1591 1066 1652 dixi.
1108 1590 1219 1653 Omnes
1237 1592 1315 1653 enim

183 1694 317 1759 infantes
341 1696 477 1758 honorati
493 1702 562 1758 sunt
578 1695 654 1778 apud
672 1697 838 1775 Dominum,
861 1703 890 1758 et
905 1696 991 1777 primi
1007 1695 1160 1759 habentur.
1198 1696 1315 1758 Felices

185 1816 267 1883 ergo
289 1818 357 1879 voS,
380 1801 559 1882 quicumque
581 1802 770 1864 removeritis
794 1801 930 1863 malitiam
951 1820 968 1863 a
991 1801 1088 1879 vobis,
1112 1807 1141 1862 et
1160 1798 1315 1863 indueritis

185 1905 388 1969 innocentiam
397 1927 406 1981 3
444 1906 512 1986 quia
550 1907 635 1987 primi
673 1906 810 1968 videbitis
848 1906 973 1968 Deum.“
1027 1906 1185 1986 Postquam
1223 1904 1317 1968 linivit

187 2010 321 2074 omnium
344 2012 488 2079 montium,
508 2009 761 2092 explanationem,
794 2009 861 2072 dieo
885 2011 929 2072 ei:
964 2009 1129 2090 „domine,
1153 2027 1233 2072 nunc
1256 2028 1316 2072 ex·

187 2134 272 2199 pone
300 2115 370 2178 mihi
399 2115 438 2176 de
468 2114 613 2197 lapidibus
644 2116 707 2193 bis,
740 2112 818 2196 ²qui
852 2114 928 2177 allati
960 2132 1000 2176 ex
1031 2132 1135 2197 campo
1165 2115 1315 2177 inlocum

186 2220 429 2302 reprobatorum,
452 2218 489 2281 ad
511 2226 688 2282 structuram
714 2221 803 2284 turris
827 2221 907 2282 missi
923 2227 1008 2296 sunt3
1032 2222 1100 2283 item
1116 2220 1154 2283 de
1169 2219 1316 2302 lapidibus

188 2324 250 2390 illis
273 2325 425 2402 rotundis,
458 2324 509 2404 qui
532 2325 561 2385 in
586 2331 764 2388 structuram
786 2325 875 2388 turris
899 2325 1008 2406 adjecti
1030 2332 1118 2403 sunt,
1148 2324 1238 2388 etde
1261 2325 1316 2403 bis,

188 2429 242 2509 qui
265 2427 362 2491 adbuc
384 2429 504 2492 rotundi
527 2429 765 2492 remanserunt.“

279 2532 371 2596 XXX.
420 2532 517 2611 „Audi
541 2537 649 2613 nunc‚“
675 2535 786 2615 inquit,
816 2533 873 2611 „de
898 2532 1049 2615 lapidibus.
1096 2534 1153 2607 Oui
1176 2533 1255 2596 allati
1279 2533 1316 2597 de

189 2655 298 2720 campo
322 2640 353 2700 in
375 2643 553 2701 structuram
576 2641 665 2701 turris
688 2639 775 2720 positi
792 2644 860 2700 sunt
876 2656 978 2701 eurum
996 2637 1073 2715 loco,
1096 2638 1147 2717 qui
1166 2639 1317 2720 reprobati

191 2750 288 2821 erant,
312 2742 428 2805 radices
451 2749 520 2806 sunt
543 2744 618 2806 illius
643 2741 783 2805 ³cundidi
807 2744 922 2806 montis.
968 2743 1064 2817 Ouum
1091 2743 1182 2824 igitur
1204 2743 1243 2821 bi,
1267 2744 1317 2824 qui

190 2846 231 2909 de
254 2847 307 2909 illo
330 2852 431 2909 monte
453 2846 654 2925 crediderunt,
678 2846 746 2910 lacti
769 2854 837 2910 sunl
860 2849 1048 2925 innocentes,
1068 2848 1157 2929 jussit
1180 2847 1317 2910 dominus

191 2952 261 3034 ojus
285 2954 375 3014 turris
399 2969 469 3029 eos,
501 2953 552 3032 qui
576 2954 613 3014 de
636 2952 786 3014 radicibus
808 2953 917 3014 montis
941 2957 1058 3028 essent,
1087 2952 1116 3011 in
1140 2958 1315 3014 structuram

191 3053 346 3119 collocari.
390 3055 537 3118 lntellexit
553 3058 640 3135 enim,
664 3059 689 3120 si
705 3057 741 3118 ad
758 3056 994 3119 aedificationem
1009 3057 1122 3131 iissent,
1143 3055 1315 3134 splendidos

192 3160 261 3224 illos
277 3178 499 3243 permansuros,
516 3179 573 3222 nec
588 3162 679 3225 ullum
696 3161 734 3224 de
751 3162 796 3224 bis
813 3162 937 3243 amplius
950 3156 1172 3242 denigrandum.
1200 3157 1315 3233 Quodsi

192 3265 233 3328 ita
249 3264 298 3348 ¹da
320 3267 447 3328 caeteris
463 3266 611 3329 montibus
627 3265 795 3348 adjecisset,
819 3285 878 3329 non
895 3283 1023 3328 necesse
1043 3262 1195 3326 habuisset
1211 3245 1316 3328 rursus

191 3372 317 3433 visitare
347 3388 413 3433 eam
441 3372 542 3433 turrim
573 3377 663 3452 atque
693 3389 833 3454 purgare.
879 3370 914 3431 Hi
940 3377 1036 3432 autem
1062 3386 1167 3431 ornnes
1189 3368 1317 3445 candidi,

189 3473 323 3557 juvenes
346 3481 424 3553 sunt,
447 3476 496 3555 qui
519 3474 720 3554 crediderunt,
744 3481 774 3537 et
795 3476 844 3556 qui
864 3474 1006 3537 credituri
1022 3481 1106 3551 sunt3
1130 3469 1194 3536 ἐκ
1210 3474 1317 3537 eodem

192 3578 272 3641 enlm
295 3597 412 3663 genere
434 3586 510 3642 sunt.
550 3578 635 3647 Felix
657 3579 716 3642 boc
738 3597 846 3662 genus,
871 3581 939 3659 quia
964 3580 1122 3641 innocuum
1145 3586 1199 3641 est.
1239 3579 1318 3642 Audi

192 3699 274 3745 nunc
296 3688 327 3744 et
349 3682 387 3745 de
410 3684 466 3745 illis
488 3674 623 3746 rotundis
648 3683 793 3765 lapidibus
822 3691 851 3745 et
873 3684 1047 3764 splendidis.
1092 3683 1128 3744 Hi
1152 3701 1255 3746 omnes
1279 3683 1317 3746 de

192 3784 253 3850 laoc
276 3785 403 3850 candido
428 3795 527 3851 monte
551 3794 628 3850 sunt.
676 3788 776 3862 Quare
799 3794 896 3850 autem
921 3784 1069 3849 ⁵rotundi
1099 3792 1168 3849 sunt
1196 3786 1317 3866 reperti,

193 3907 284 3953 eausa
308 3897 371 3969 cst,
396 3892 464 3972 quia
488 3891 608 3954 divitiae
632 3909 705 3955 suae
729 3891 796 3954 illos
819 3891 955 3973 pusillum
983 3892 1148 3952 averitate
1171 3891 1317 3953 obseura-

194 4002 304 4059 rerunt
325 4003 415 4078 atque
437 3997 671 4061 obfuscaverunt
679 4019 688 4073 ;
717 3996 772 4059 sed
802 4015 819 4057 a
843 3996 908 4058 Deo
936 4013 1092 4075 numquam
1115 4001 1319 4074 recesserunt,

194 4114 251 4162 neo
275 4098 364 4161 ullum
387 4102 509 4164 verbum
533 4101 640 4164 malum
665 4103 813 4183 processit
843 4102 881 4164 de
910 4119 965 4164 ore
994 4116 1114 4177 eorum,
1145 4098 1199 4162 sed
1223 4102 1319 4164 omnis

195 4203 341 4284 aequitas,
365 4205 457 4269 virtus
481 4215 511 4269 et
534 4207 654 4269 veritas.
701 4206 812 4269 Horum
836 4222 911 4287 ergo
936 4208 1061 4264 mentem
1083 4221 1172 4283 quum
1196 4204 1321 4268 vidisset

186 4305 350 4386 -bominus,
372 4316 402 4372 et
424 4328 516 4391 posse
540 4328 594 4374 eos
618 4311 733 4374 ueritati
755 4311 869 4388 lavere,
888 4308 977 4391 jussit
992 4309 1091 4371 bonos
1107 4328 1229 4392 quoque
1244 4329 1319 4392 per-

229 4527 257 4587 it
283 4527 311 4579 lo
336 4528 503 4584 similitudine
528 4541 618 4585 octava
639 4533 745 4586 llcrmaa
807 4535 895 4599 4)Sc.
915 4535 1056 4588 excedam
1079 4549 1177 4605 genere
1196 4548 1251 4584 com
1277 4533 1318 4583 io·

196 4617 359 4683 myrteus
376 4620 469 4684 primas
488 4629 572 4688 partes
591 4620 685 4672 tribuit.
772 4622 881 4674 lantibus
899 4624 985 4690 capitia
1003 4620 1192 4682 antecedentia,
1211 4619 1228 4669 i.
1245 4634 1268 4669 e.
1288 4634 1319 4670 ex

228 4700 261 4769 2)
280 4700 345 4754 Vide
362 4718 436 4770 supra
458 4722 480 4757 c.
500 4707 524 4757 6.
771 4724 868 4777 genera
887 4709 1054 4760 innocentiae.

228 4787 260 4855 ³)
279 4786 321 4839 Sc.
340 4792 432 4842 montis
451 4792 602 4844 duodecimi.
640 4794 679 4844 nd
701 4810 744 4845 ra·
808 4795 836 4855 5)
855 4794 919 4846 Vide
945 4809 1018 4861 sopra
1042 4807 1065 4843 c.
1084 4794 1109 4844 6.
1134 4807 1158 4858 p.
1177 4790 1236 4840 414.
1278 4788 1318 4841 De

196 4872 265 4925 dicer
290 4872 363 4938 bajas
388 4880 478 4928 montis
501 4882 539 4930 siti
558 4888 630 4931 erant
649 4880 745 4947 lapidea
773 4881 897 4947 lapidibus
918 4882 1056 4944 rotundis,
1086 4878 1132 4929 cir.
1152 4877 1201 4929 Via.
1220 4874 1268 4939 Ill,
1293 4876 1318 4927 6.

196 4958 246 5025 illi,
278 4959 312 5010 da
338 4976 428 5029 campo
456 4963 533 5016 allati.
570 4965 746 5032 significantur
772 4964 825 5016 Cir.
844 4980 946 5033 quoquo
964 4965 997 5015 de
1014 4962 1158 5028 brajoamodi
1177 4960 1319 5014 bominibus

195 5043 320 5115 lapidibus
338 5046 389 5100 illia
402 5050 518 5115 juvenca
536 5054 695 5107 innocenter.
772 5049 848 5103 simil.
869 5043 939 5115 vur,
963 5050 1000 5100 lb.

246 5149 314 5191 Palm
326 5155 391 5202 spart.
407 5150 440 5192 ad.
456 5152 490 5192 lv.
1066 5133 1109 5201 28

1120 5277 1242 5319 A—
