3067 6450
487 1157 680 1252 ninneton
699 1198 724 1252 s.
743 1197 872 1254 ronnru.
889 1199 922 1255 n.
940 1199 983 1255 m
1001 1200 1043 1254 rr.
1264 1208 1329 1274 249

200 1359 374 1444 respondit:
406 1359 469 1422 imo
477 1378 488 1430 ,·
517 1358 668 1436 scriptum
696 1359 775 1421 enim
806 1368 869 1422 est:
900 1359 1073 1425 ¹hohitoho
1102 1371 1133 1425 et
1161 1363 1329 1430 omholoho

202 1468 287 1528 inter
309 1484 371 1528 eos.
418 1463 563 1544 Trajanus
586 1464 762 1526 sententiam
787 1465 865 1527 tulit:
888 1465 1053 1545 tenatiam,
1080 1468 1133 1547 qai
1153 1469 1186 1529 in
1204 1487 1238 1532 aa
1257 1471 1329 1547 ipso

203 1567 406 1647 circumferre
432 1567 616 1646 orucificnm
638 1570 810 1647 contendit,
826 1572 984 1649 jussimus
1006 1573 1040 1633 in
1058 1573 1188 1636 einardo
1207 1594 1228 1636 o
1244 1575 1330 1636 miii·

204 1674 289 1737 tihos
303 1674 476 1752 conjectam
491 1670 604 1733 obduci
620 1671 749 1735 Romam
764 1693 919 1754 moenum,
938 1682 973 1736 nt
986 1677 1028 1737 ait
1043 1673 1056 1712 ²
1064 1685 1178 1757 postus
1190 1676 1332 1753 tenorum

204 1778 250 1840 od
272 1777 506 1839 delectationem
527 1775 649 1853 populi.
693 1777 874 1849 Sententiam
899 1779 975 1841 hanc
994 1797 1061 1842 cum
1080 1787 1200 1842 sanctus
1217 1781 1332 1866 hiartpr

204 1880 354 1959 audisset,
384 1898 441 1961 pro
470 1877 580 1962 gaudio
611 1880 802 1942 exclamavit:
836 1886 959 1962 prutina
989 1883 1045 1943 tihi
1078 1903 1156 1965 opo,
1187 1885 1330 1963 Domine,
1406 1870 1408 1873 ⁵

204 1988 283 2067 quio
304 2003 351 2046 me
372 1981 515 2062 perfecto
537 2001 615 2062 erpo
637 1991 665 2044 te
688 1985 843 2047 charitate
864 1988 1023 2050 hononore
1043 1987 1189 2068 dionotos
1208 2009 1253 2066 es,
1277 1990 1332 2069 qui

204 2109 252 2151 me
276 2109 343 2152 cam
359 2086 512 2169 Apostolo
528 2095 581 2149 too
597 2086 695 2150 Ponto
712 2088 745 2150 in
759 2088 869 2165 terreo
883 2091 1011 2152 oinculo
1026 2093 1210 2172 conjeceris.
1252 2093 1333 2157 Haec

206 2213 274 2257 cum
297 2192 431 2269 dixisset,
455 2196 485 2253 et
506 2190 590 2252 hilari
613 2192 711 2255 animo
736 2195 854 2258 vincula
878 2195 1071 2277 suscepisset,
1099 2215 1227 2278 comque
1250 2199 1332 2279 prius

207 2303 327 2362 orasset
347 2313 402 2377 pro
432 2295 577 2372 ecclesia,
610 2302 641 2356 ct
671 2313 735 2358 eam
766 2316 832 2360 cum
863 2297 1142 2373 lacrimishomino
1175 2320 1333 2365 commen-

208 2402 319 2478 dasset,
341 2400 433 2463 instar
451 2400 552 2461 arietis
572 2399 708 2481 insignis,
731 2403 783 2482 qui
804 2403 960 2487 egregium
978 2421 1105 2486 gregem
1124 2404 1213 2484 ducit,
1238 2405 1334 2468 terina

207 2512 238 2567 et
274 2505 389 2567 militari
425 2503 586 2566 acerbitate
620 2514 778 2587 correptus
812 2513 875 2585 est,
914 2505 1106 2570 abducendus
1140 2508 1261 2573 Romam
1295 2510 1334 2574 ad

207 2615 326 2692 pastum
348 2614 539 2671 cruentarum
567 2605 705 2669 terarum.

482 2898 527 2963 lll.
573 2901 715 2981 tenatius
736 2900 901 2982 Smyrnam
922 2905 1060 2985 nooipot.

300 3022 373 3086 Com
395 3022 484 3085 multa
508 3039 584 3104 ergo
607 3022 757 3085 alacritate
788 3028 818 3083 et
846 3024 974 3103 laetitia,
1004 3025 1134 3108 patiendi
1165 3026 1360 3110 cupiditate,

210 3126 368 3191 Antiochia
384 3126 548 3190 Seleuciam
565 3126 730 3203 descendit,
752 3133 783 3188 et
798 3126 878 3189 illinc
894 3128 962 3189 nari
978 3135 1083 3191 vectus
1099 3134 1161 3205 est;
1185 3145 1335 3209 quomque

211 3229 310 3315 ³post
333 3231 440 3295 multos
462 3230 582 3294 lahores
604 3230 641 3294 ad
666 3231 888 3313 smyrnensium
911 3232 1014 3293 urhem
1037 3232 1218 3314 adpulisset,
1246 3232 1335 3294 multa

212 3356 280 3400 com
302 3336 411 3399 laetitia
435 3354 452 3397 e
476 3338 544 3399 naui
568 3335 740 3414 descendit,
772 3354 807 3398 ac
837 3322 971 3397 sanctum
994 3334 1206 3417 Polycarpum,
1229 3336 1336 3416 Smyr-

212 3441 349 3503 nensiom
373 3440 555 3520 episcopum,
578 3438 726 3520 quondam
750 3437 983 3519 condiscipulum
1005 3456 1101 3516 suum,
1124 3438 1228 3500 ridere
1249 3436 1337 3500 testi-

212 3545 303 3607 navit.
348 3543 478 3605 Fuerant
514 3542 590 3604 enim
629 3541 697 3604 otim
736 3541 830 3603 sancti
867 3540 995 3623 apostoli
1031 3540 1154 3604 loannis
1192 3540 1336 3621 discipuli.

212 3645 302 3727 Apud
319 3663 406 3727 quem
428 3646 606 3725 diversatus,
631 3663 697 3708 cum
719 3663 785 3707 eum
805 3644 998 3727 spiritualium
1018 3644 1224 3733 charismatum
1241 3644 1338 3727 parti-

213 3753 311 3831 cipem
333 3749 471 3827 iecisset,
494 3750 557 3812 suis
582 3750 668 3813 etiam
692 3749 818 3812 vinculis
842 3754 923 3810 esset
944 3748 1110 3831 gloriatus,
1133 3748 1237 3812 orabat
1259 3765 1338 3825 eom,

214 3860 246 3915 ot
268 3852 357 3916 veltet
378 3854 562 3935 propositum
585 3853 677 3933 ipsius
701 3851 889 3936 ⁴adjurare3
921 3860 952 3918 et
982 3856 1109 3917 maxime
1139 3850 1258 3935 quidem
1280 3852 1339 3915 hoc

212 3958 342 4039 rogabat
365 3963 454 4022 totam
478 3957 635 4021 ecclesiam
659 3954 862 4040 (exceperant
885 3958 962 4021 enim
985 3964 1117 4020 sanctum
1141 3957 1220 4019 iilum
1241 3956 1337 4018 virum

213 4061 349 4124 civitates
371 4067 459 4141 atque
483 4060 631 4123 ecclesiae
654 4059 746 4123 Asiae
769 4079 825 4142 per
847 4063 1006 4143 episcopos
1039 4067 1069 4123 et
1091 4061 1284 4141 presbyteros
1309 4065 1340 4120 et

213 4163 376 4242 diaconos,
409 4183 475 4227 cum
508 4180 613 4225 omnes
642 4163 678 4225 ad
709 4183 778 4227 eum
809 4163 1001 4242 festinarent,
1032 4165 1058 4225 si
1091 4163 1168 4225 torte
1196 4160 1340 4243 ⁵partem

214 4267 400 4330 charismatis
438 4266 598 4349 spiritualis
636 4268 671 4328 ah
711 4285 749 4330 eo
788 4264 1002 4348 acciperent);
1047 4283 1081 4328 ac
1120 4283 1191 4348 prae
1229 4264 1340 4326 ceteris

214 4378 350 4434 sanctum
366 4371 570 4453 Polycarpum,
593 4378 626 4433 ut
648 4372 733 4434 citius
756 4390 811 4453 per
833 4370 923 4448 ieras,
947 4370 1158 4452 inconspicuas
1179 4371 1207 4431 in
1229 4364 1340 4429 mundo

214 4474 323 4556 lactus,
347 4494 447 4539 coram
472 4474 591 4538 Christo
615 4482 813 4556 compareret.

303 4663 351 4727 tv.
394 4664 540 4745 tonatim
561 4664 676 4727 scribit
694 4663 855 4743 ecclesiis,
875 4661 1061 4742 procantim
1082 4660 1254 4724 Romanoa.

304 4782 502 4865 Atquehaeo
524 4786 568 4849 sic
591 4784 708 4848 dicebat
738 4791 769 4847 et
800 4786 845 4848 sic
874 4783 1111 4859 contestabatur,
1141 4773 1340 4857 usqueadeo

213 4916 340 4986 hortium
353 4917 682 4985 gloriamartpriidonaret,
695 4919 770 4988 eique
831 4920 859 4985 5)
878 4917 929 4971 Cir.
948 4915 1021 4967 hom.
1044 4912 1067 4975 1,
1088 4911 1127 4963 11.

215 5005 385 5058 comtanttam
401 5002 547 5075 praeheret.
568 5006 705 5057 crearem.
