3067 6450
199 1186 265 1253 350
403 1179 541 1235 muodo
560 1178 696 1233 Pasron.
732 1177 831 1231 LIBER
849 1177 880 1232 ll.
915 1175 1060 1232 muudi.
1077 1176 1121 1232 Π.

200 1343 412 1428 poenitentiam
430 1341 546 1419 mulier,
570 1347 600 1402 et
623 1346 778 1421 permanet
800 1339 829 1402 in
847 1314 1044 1402 fornicatione
1059 1357 1126 1416 sua,
1149 1344 1182 1400 et
1201 1336 1329 1399 convivit

200 1468 266 1513 curu
289 1449 336 1510 illa
361 1449 420 1524 νὴ,
452 1450 525 1509 reos'
546 1446 602 1508 erit
625 1446 739 1527 peccati
762 1447 846 1527 ejus,
878 1453 909 1508 et
937 1447 1085 1528 particeps
1114 1443 1328 1507 moechationis

200 1556 294 1637 ejus.“
342 1553 377 1616 Et
400 1552 462 1615 dixi
485 1553 540 1614 illi:
575 1551 673 1633 „quid
707 1568 800 1633 ergo,
832 1551 858 1612 si
889 1551 1087 1632 permanserit
1109 1550 1139 1611 in
1171 1548 1245 1611 vitio
1277 1565 1329 1610 suo

200 1658 357 1722 mulier?“
404 1657 441 1718 Et
464 1656 552 1717 dixit:
587 1656 737 1735 „dimittat
759 1655 837 1717 illam
860 1656 923 1734 vir,
947 1661 975 1717 el
998 1655 1043 1717 vir
1065 1670 1181 1735 perse
1205 1658 1328 1715 maneat.

203 1763 344 1837 ¹Quodsi
375 1761 518 1824 dimiserit
548 1760 699 1824 mulierem
730 1779 830 1838 suam,
862 1766 891 1821 et
923 1759 1007 1820 aliam
1038 1759 1176 1837 duxerit,
1209 1765 1240 1821 el
1270 1759 1329 1840 ipsc

202 1866 405 1931 moechatur.“
451 1865 488 1928 Et
511 1866 572 1929 dixi
594 1866 652 1928 illi:
684 1865 823 1947 „quidsi
847 1863 952 1927 mulier
975 1865 1094 1926 dimissa
1118 1865 1330 1947 poenitentiam

202 1976 307 2057 egerit,
332 1979 361 2034 et
378 1971 506 2035 voluerit
520 1970 556 2033 ad
573 1972 667 2034 virum
684 1989 770 2034 suum
786 1969 908 2047 reverti,
931 1987 1031 2032 nonne
1047 1969 1212 2050 recipietur
1231 1987 1248 2030 a
1269 1969 1329 2030 viro

202 2077 304 2141 suo‘?“
350 2076 386 2138 Et
417 2075 490 2139 dixit
519 2075 604 2136 milri:
640 2076 740 2155 „imo,
774 2075 800 2137 si
829 2092 889 2137 oon
913 2076 1062 2156 receperit
1088 2092 1155 2136 eam
1178 2074 1227 2136 vir
1250 2090 1329 2151 sous,

203 2188 320 2265 peccat,
349 2189 379 2244 et
403 2199 542 2264 maguum
564 2187 720 2260 peccatum
744 2180 800 2242 sibi
822 2178 961 2255 admittit3
991 2178 1045 2241 sed
1074 2177 1167 2242 debet
1196 2179 1330 2259 recipere

203 2287 418 2369 peccatricem,
448 2303 525 2364 quoe
547 2285 758 2365 poeniteutiam
782 2285 860 2367 egit3
891 2282 945 2347 sed
970 2301 1031 2346 nou
1052 2301 1155 2364 saepe.
1203 2280 1330 2347 ²Servis

203 2393 282 2454 enim
306 2391 361 2453 Dei
385 2390 567 2472 poenitentia
590 2408 647 2451 uua
671 2397 725 2451 est.
771 2388 895 2468 Propter
921 2388 1132 2468 poenitentiam
1165 2405 1243 2470 ergo
1274 2404 1329 2447 ooo

204 2495 302 2573 debet,
327 2496 445 2557 dimissa
468 2497 599 2577 conjuge
621 2512 685 2574 sua,
709 2495 754 2558 vir
777 2493 861 2556 aliam
886 2493 1006 2557 ducere.
1048 2494 1104 2556 llic
1121 2502 1209 2556 actus
1231 2493 1329 2555 similis

205 2600 356 2662 estatio
381 2600 445 2662 viro
471 2601 553 2661 etio
582 2600 714 2662 muliere.
760 2599 827 2661 Non
858 2598 954 2660 solum
984 2598 1152 2661 moechatio
1190 2604 1235 2659 est
1266 2596 1329 2671 illis,

205 2706 255 2786 qui
279 2723 398 2766 carnem
422 2723 505 2767 suam
529 2704 737 2783 coinquinant;
770 2703 823 2766 sed
847 2709 877 2765 et
899 2703 940 2781 is,
967 2705 1017 2784 qui
1040 2703 1232 2766 simulacrum
1256 2702 1329 2777 iacit,

205 2809 387 2872 moechatur.
435 2805 578 2882 ³0uodsi
601 2810 629 2870 in
653 2809 699 2872 his
722 2807 808 2872 lactis
839 2814 1029 2888 perseverat,
1061 2814 1092 2870 et
1121 2808 1329 2888 poenitentiam

205 2931 266 2976 non
292 2915 362 2995 agit,
385 2912 496 2975 recede
518 2913 555 2975 ab
578 2912 644 2991 illa,
676 2920 705 2975 et
735 2915 796 2978 noli
825 2915 990 2978 convivere
1016 2933 1084 2977 cum
1107 2914 1174 2989 illa;
1206 2913 1330 2993 alioquin

207 3024 236 3081 et
259 3025 290 3080 lu
313 3018 461 3100 particeps
485 3017 545 3080 eris
568 3020 682 3099 peccati
707 3021 783 3101 ejus.
828 3020 955 3100 Propter
985 3019 1044 3082 hoc
1070 3024 1265 3099 praeceptum
1288 3022 1330 3077 est

206 3125 311 3201 robis,
334 3130 366 3186 ut
389 3123 522 3185 coelibes
546 3123 704 3200 maneatis,
728 3132 789 3186 tum
812 3124 873 3202 vir,
896 3129 955 3186 lum
979 3123 1102 3198 molier;
1132 3128 1235 3203 polest
1257 3121 1328 3183 eoiru

208 3230 237 3291 io
254 3228 420 3312 hujusmodi
436 3226 641 3310 ⁴p0euitentia
659 3247 737 3292 csse.
777 3228 835 3293 Sed
852 3237 882 3291 et
898 3248 957 3310 ego
974 3247 1034 3291 uon
1052 3228 1091 3292 do
1109 3226 1329 3303 ⁵occasiooem,

208 3339 240 3396 ut
263 3335 337 3396 haec
360 3336 399 3396 ila
417 3343 559 3416 agantur3
582 3334 636 3397 sed
653 3354 691 3397 oe
707 3335 842 3415 amplius,
865 3335 916 3415 qui
932 3336 1112 3415 peccaverit,
1137 3340 1253 3416 peccet
1289 3331 1329 3392 lle

207 3440 357 3519 prioribus
380 3448 478 3502 autem
501 3441 631 3521 peccatis
655 3442 721 3521 ejus
746 3441 840 3519 Deus,
864 3440 913 3520 qui
936 3445 1115 3521 potestatem
1138 3439 1229 3501 habel
1252 3437 1329 3501 sani-

126 3631 132 3636 „
208 3549 296 3604 tatem
321 3544 417 3624 dandi,
441 3545 521 3607 dabit
543 3544 715 3624 remedium,
739 3545 808 3625 quia
824 3545 889 3626 ipse
904 3551 959 3624 est,
982 3545 1031 3626 qui
1051 3544 1141 3606 habet
1155 3548 1329 3625 potestatem

210 3650 368 3712 omnium.“

296 3756 327 3818 ll.
373 3757 480 3819 Iterum
504 3756 698 3838 interrogavi,
721 3762 751 3819 et
774 3754 852 3817 dixi:
878 3754 1036 3835 „quoniam
1060 3751 1202 3817 dominus
1229 3751 1330 3816 existi·

211 3982 368 4050 Greporium
388 3978 427 4044 lli,
447 3996 470 4031 c.
489 3979 505 4030 3
523 3977 552 4030 X.
578 3980 611 4031 de
629 3978 758 4031 adulteriis
820 3979 849 4043 3)
868 3979 906 4031 Do
926 3979 1034 4031 divortio
1052 3982 1077 4031 iu
1096 3995 1158 4031 caau
1179 3977 1330 4030 idololatriac

209 4074 236 4118 ot
260 4069 352 4133 stupris
379 4066 501 4134 (V‚16J.
539 4066 634 4118 Similia
653 4066 758 4118 decreta
787 4068 833 4120 cir.
847 4072 972 4137 desperati,
984 4065 1083 4119 Haudb.
1097 4066 1122 4118 d.
1137 4064 1193 4117 clar.
1205 4059 1331 4117 Archaeol

210 4153 325 4204 iuvenies
344 4154 410 4222 apud
429 4153 515 4206 Patres
535 4163 560 4206 et
579 4152 690 4206 Concilio
710 4170 758 4205 au·
787 4154 813 4206 T.
827 4152 869 4205 ill.
890 4171 914 4222 p.
929 4153 987 4203 151.
1011 4153 1058 4205 llic
1077 4155 1161 4221 agitur
1181 4153 1216 4204 de
1230 4150 1331 4217 conjuge

209 4240 285 4308 liquo.
323 4239 373 4292 Cir.
394 4244 517 4296 cotelerii
536 4250 609 4293 notas
627 4241 658 4292 ad
678 4241 701 4291 h.
721 4239 736 4292 Ι.
787 4240 936 4305 christiano,
967 4242 992 4292 iu
1020 4239 1190 4291 idololatriam
1218 4243 1332 4309 relapsae

245 4325 272 4391 1)
294 4325 377 4378 llatth.
391 4327 416 4392 5,
427 4328 469 4378 32.
484 4328 526 4393 19,
537 4330 561 4380 9.
577 4328 651 4379 Marc.
665 4327 705 4391 10,
719 4327 757 4378 ll.
787 4342 835 4378 ooo
847 4326 879 4378 da
888 4326 998 4395 conjugo
1010 4325 1115 4390 infideli,
1127 4334 1156 4377 ut
1168 4325 1181 4377 1
1192 4325 1252 4379 Cor.
1262 4326 1288 4390 7,
1298 4322 1332 4374 15.

209 4410 293 4466 lCor.
313 4415 338 4478 7,
361 4413 400 4463 11.
429 4414 562 4485 Clolttip,
583 4414 636 4465 l.c.
657 4433 682 4483 p.
700 4414 758 4479 175,
821 4415 850 4478 1)
868 4413 887 4465 l.
908 4430 931 4465 a.
955 4421 1039 4482 potest
1064 4414 1133 4464 euim
1151 4413 1332 4465 moechando

210 4503 386 4565 decumana,
413 4500 430 4552 l.
450 4517 472 4553 c.
491 4517 516 4567 p.
536 4501 570 4551 81
590 4510 616 4552 et
636 4505 760 4557 Cotelerr'a'
787 4500 892 4553 moecha
912 4501 1196 4568 poenitentiamagere,
1216 4512 1332 4570 quapor-

210 4597 291 4641 notas.
787 4597 843 4640 acta
857 4590 947 4640 iterum
961 4588 1099 4655 recipiatur
1110 4585 1144 4637 ab
1157 4586 1241 4639 altera
1253 4594 1331 4657 partc;

245 4676 273 4738 2)
293 4675 330 4726 Do
343 4674 390 4725 hac
400 4672 509 4725 Hermae
520 4673 635 4726 doctrina
649 4675 757 4726 videan—
786 4676 846 4726 ideo
875 4676 1002 4744 posterior
1029 4689 1081 4725 nou
1109 4673 1162 4724 alio
1188 4669 1332 4725 matrimonii

211 4770 252 4815 tur
270 4766 356 4832 wip,
381 4761 398 4813 l.
418 4778 440 4813 e.
465 4777 490 4828 p.
512 4760 569 4811 172.
605 4764 759 4825 dictaeolrar,
787 4760 888 4813 vinculo
906 4760 979 4829 ligari
998 4759 1084 4812 debat

212 4848 315 4915 (Lehrb.
339 4848 384 4900 dar
408 4846 612 4916 Dogmeugeach.
640 4848 681 4898 ed.
709 4863 758 4900 roo
822 4847 888 4913 5J1.
908 4847 1135 4915 allecipiandam
1158 4863 1219 4900 asae
1237 4844 1329 4899 adulte·

213 4934 311 5000 Coelio,
330 4936 371 4987 ed.
390 4934 444 4997 ill.)
463 4934 490 4987 Τ.
508 4934 526 4987 1.
546 4951 570 5002 p.
584 4934 644 4987 151.
669 4938 757 4988 docla-
787 4949 840 4985 ram
859 4934 965 5000 docens,
983 4935 1058 4999 absit,
1076 4942 1104 4985 ot
1122 4934 1245 4987 adulterii
1259 4947 1327 4985 occa·

94 5043 106 5064 2
212 5039 309 5089 armam,
325 5020 662 5089 imperatorumue
676 5021 758 5075 a.h.l.
786 5023 883 5075 aionem
901 5020 1047 5091 praebeam.
1141 5101 1144 5105 Ι
