3067 6450
299 1202 437 1258 ΗΕΒΗΑΕ
457 1201 591 1257 PASTOR.
628 1201 724 1254 tisun
744 1203 773 1254 u.
811 1201 1092 1258 condonentur.
1196 1206 1258 1273 371

128 1365 211 1428 hunc
234 1364 323 1429 homo
348 1372 466 1447 putatur
488 1366 622 1446 spiritum
646 1365 777 1442 hahere;
811 1365 818 1405 ¹
838 1368 948 1429 exaltat
971 1367 1048 1429 enim
1072 1384 1121 1444 se,
1145 1373 1173 1428 et
1198 1367 1260 1431 vult

129 1473 255 1553 primam
278 1470 449 1532 cathedram
473 1470 604 1545 habere;
635 1477 665 1532 et
687 1471 839 1551 improbus
863 1479 909 1534 est
933 1480 963 1534 et
985 1472 1150 1550 verbosus,
1177 1481 1207 1535 et
1230 1474 1260 1536 in

130 1576 247 1639 deliciis
278 1582 492 1654 conversatur,
524 1581 554 1636 et
585 1576 613 1637 in
644 1577 843 1656 voluptatibus
877 1577 994 1654 multis,
1029 1582 1057 1637 et
1091 1577 1259 1640 mercedem

129 1681 239 1762 accipit
267 1680 457 1742 divinationis
487 1698 568 1743 suae.
615 1679 729 1753 Quodsi
762 1699 821 1743 nnn
852 1682 1017 1762 acceperit,
1048 1698 1108 1743 non
1140 1682 1260 1744 divinat.

129 1785 212 1848 Itane
235 1785 356 1867 spiritus
380 1784 434 1845 [tei
457 1790 557 1865 potest
580 1783 735 1845 mercedes
759 1769 898 1865 accipere
929 1793 959 1847 et
987 1785 1146 1847 divinare?
1191 1787 1260 1850 Non

131 1890 275 1953 convenit
297 1889 373 1950 haec
397 1887 498 1950 facere
517 1888 572 1950 Dei
597 1884 800 1971 ProphetemJ.
845 1890 943 1952 Habes
967 1897 1161 1970 utrorumque
1182 1890 1259 1954 Pro·

129 1996 285 2076 phetarnm
309 1995 406 2055 vitam.
453 1993 547 2055 Proba
572 2011 647 2076 ergo
672 1994 709 2054 de
733 1994 792 2054 vita
813 2000 841 2053 et
865 1995 1005 2076 operibus
1026 1995 1184 2073 hominem,
1208 1997 1259 2075 qni

129 2098 220 2177 dicit,
252 2116 286 2160 se
317 2099 450 2179 spiritum
480 2104 612 2160 sanctum
645 2098 764 2160 hahere.
812 2100 855 2160 'tn
889 2109 986 2162 autem
1020 2101 1112 2163 crede
1144 2102 1259 2183 spiritui

129 2205 264 2268 venienti
282 2223 298 2266 a
315 2205 389 2281 Deo,
414 2203 532 2269 habenti
557 2204 703 2266 virtutem.
749 2205 869 2285 Spiritui
885 2212 982 2267 autern
1000 2206 1136 2267 terrestri
1152 2224 1258 2285 vacuo,

129 2310 183 2391 qni
205 2328 223 2371 a
246 2307 363 2371 diaholo
388 2313 449 2385 est,
472 2309 501 2370 in
525 2327 586 2390 qno
609 2309 683 2371 fides
708 2327 767 2372 non
793 2316 838 2371 est
861 2328 959 2390 neque
986 2311 1098 2389 virtus,
1131 2309 1258 2372 credero

129 2416 202 2478 noti.
247 2414 326 2477 Audi
349 2432 424 2495 ergo
447 2414 677 2493 similitudinem,
701 2433 789 2495 quom
806 2417 855 2476 tibi
873 2415 1005 2477 dicturus
1025 2433 1098 2478 sum.
1145 2415 1258 2495 Accipe

128 2518 268 2599 lapidem,
292 2526 321 2580 et
344 2521 424 2581 mitte
448 2521 477 2581 in
501 2520 635 2597 coetum3
662 2526 712 2582 ant
734 2523 840 2584 iterum
860 2521 963 2601 accipe
979 2521 1135 2601 siphonem
1152 2538 1258 2600 oquae,

130 2633 161 2688 et
185 2623 298 2707 ejacuta
321 2623 349 2685 in
374 2625 506 2698 coetum3
538 2631 568 2686 et
600 2625 684 2703 vide,
715 2628 740 2687 si
772 2627 871 2706 possis
900 2624 1082 2711 pertendere
1109 2626 1256 2688 cocturn.“

132 2731 222 2808 ,Ouo
245 2728 370 2806 modo,“
396 2731 531 2810 inquam,
557 2728 714 2809 ,domine,
747 2731 821 2794 haec
844 2732 909 2794 heri
932 2731 1082 2812 possent?
1128 2731 1259 2812 Utraque
1308 2772 1312 2779 -

131 2836 228 2912 enim,
252 2853 329 2915 qnae
353 2834 469 2912 dixisti,
492 2833 557 2895 heri
580 2853 638 2897 non
664 2836 826 2916 possunt.“
874 2837 982 2914 ,Sicut
1007 2839 1123 2920 ergo,“
1155 2836 1260 2917 inquit,

133 2941 231 3019 ,haec
253 2940 318 3002 fieri
341 2959 402 3004 non
425 2947 567 3021 possunt;
596 2941 640 3000 sic
662 2941 783 3019 spiritns
808 2944 960 3003 terrestris
983 2943 1048 3003 sine
1071 2942 1180 3003 virtute
1203 2946 1258 3016 est,

132 3053 162 3108 et
178 3047 243 3109 sine
259 3047 375 3110 effectu.
415 3042 552 3125 ²Accipe
575 3061 653 3104 nunc
677 3044 823 3120 virtutem,
848 3044 1005 3107 desursum
1028 3046 1205 3120 venientem,
1229 3045 1259 3106 iu

132 3151 189 3213 hac
211 3151 407 3213 similitudine.
453 3148 573 3210 Grando
598 3147 745 3208 minimum
768 3167 894 3230 granum
918 3156 979 3225 est,
1011 3155 1041 3209 et
1068 3166 1156 3227 quum
1181 3146 1260 3207 cadit

133 3275 227 3340 super
249 3264 337 3339 caput
360 3257 504 3334 hominis,
536 3253 686 3335 quomodo
711 3252 831 3316 dotores
853 3252 1011 3333 praestat?
1056 3251 1115 3314 hut
1142 3251 1258 3328 iterum,

133 3363 203 3425 vide
227 3363 414 3441 stillicidium,
438 3360 517 3443 qnod
535 3380 552 3422 a
569 3360 668 3442 tegula
684 3359 762 3421 cadit
777 3360 806 3420 in
823 3367 942 3436 terram,
966 3363 995 3419 et
1017 3362 1102 3418 cavat
1124 3354 1258 3436 lapidem.

134 3469 184 3532 Sic
206 3468 298 3550 igitur
320 3469 448 3545 minima,
471 3485 547 3547 qttae
571 3465 728 3527 desursum
746 3464 854 3526 cadunt
870 3481 963 3545 super
982 3470 1101 3537 terrem,
1124 3478 1260 3543 magnam

134 3573 245 3636 hahent
266 3574 413 3636 uirtutem.
460 3571 601 3653 AdJunge
625 3575 653 3631 te
677 3588 752 3652 ergo
777 3570 843 3632 huic
862 3568 980 3631 habenti
1002 3566 1149 3643 virtutem,
1174 3572 1203 3626 et
1222 3564 1260 3626 ab

133 3679 184 3742 itto
206 3697 305 3743 vacuo
328 3678 468 3742 recede.“

562 3885 749 3966 Mandatum
777 3886 844 3965 Xll.

133 4065 181 4129 De
206 4066 327 4146 duplici
350 4063 526 4143 cupiditate.
565 4062 626 4124 [tei
648 4061 796 4124 mandata
817 4080 881 4123 non
904 4078 970 4121 esse
991 4059 1210 4137 impossibilia,
1234 4068 1264 4124 ct

355 4169 515 4232 diabolum
538 4187 599 4231 non
622 4165 815 4228 metuendum
837 4163 1043 4226 credentibus.

179 4298 292 4392 ³‘Apov
314 4301 382 4373 ἅπό
404 4306 463 4372 σοῦ
486 4312 592 4371 πᾶσαν
614 4302 685 4369 ἐπι-
756 4305 777 4367 Ι.
808 4304 916 4365 lterum
940 4302 1012 4365 dixit
1034 4302 1119 4365 mihi:
1144 4298 1263 4381 ³„tolle

133 4410 259 4494 θυμίαν
289 4405 443 4499 πονηρᾶν,
472 4408 602 4476 dedecor
631 4403 687 4494 τήν
713 4429 728 4471 a
754 4416 783 4471 te
807 4426 924 4471 onmem
945 4407 1133 4488 cupiditatem
1149 4408 1263 4484 matam,

132 4512 381 4602 ἐπιθυμίαντήν
395 4512 519 4601 ἀγαθήν
537 4512 591 4578 καὶ
610 4532 685 4592 oepi-
714 4520 743 4575 et
765 4512 857 4575 indue
880 4512 1070 4594 cupiditatem
1095 4512 1201 4574 bonam
1232 4514 1263 4569 et

134 4618 196 4708 γῆν.
233 4616 448 4702 Ἐνδεδυμένος
467 4613 529 4707 ydp
547 4614 601 4706 τήν
615 4616 685 4684 ἐπι-
712 4626 853 4682 sanctam.
899 4617 1020 4680 indutos
1044 4617 1120 4678 enim
1144 4610 1263 4693 cupidi-

173 4797 200 4862 t)
219 4796 317 4849 Eadem
328 4796 388 4846 sitin
401 4796 425 4847 in
435 4792 599 4847 mendacibus
610 4792 683 4844 Mon·
748 4794 777 4858 2)
797 4794 891 4859 Accipe
909 4807 944 4837 =
963 4790 1062 4853 aspice,
1080 4786 1210 4853 perspice.

136 4886 281 4937 tanistrrurn
325 4881 457 4950 Prophetis
502 4880 686 4948 redarguuntur
748 4880 778 4947 3)
797 4878 834 4928 Er
861 4881 949 4930 Doctr.
975 4877 1008 4927 act
1031 4873 1150 4925 Antiocta
1176 4885 1201 4925 n.
1222 4867 1263 4921 to.

137 4973 202 5039 apud
222 4972 378 5033 Eusebium,
401 4967 457 5021 hiat,
478 4967 540 5020 ccci.
560 4966 589 5033 V,
611 4967 642 5018 ts
660 4974 687 5018 et
715 4983 740 5034 p.
760 4965 819 5016 256.

140 5057 179 5110 18.
209 5059 307 5110 Corae.
429 5109 432 5115 ,

983 5132 1057 5201 2⁴1*
1147 5152 1150 5158 ·
