3067 6450
402 1210 540 1265 ΗΕΒΜᾸΕ
558 1210 693 1265 PASTOR.
728 1209 826 1264 LIBER
845 1211 887 1266 ΙΙΙ.
922 1212 1047 1267 srurulr.
1066 1216 1130 1271 vm
1259 1221 1326 1290 403

202 1374 255 1453 qui
278 1371 390 1435 uirides
413 1372 515 1456 virgas
538 1373 753 1454 pampinosque
775 1373 841 1436 sine
857 1373 953 1439 fructu
970 1375 1113 1438 habendes
1132 1377 1325 1459 iradideruni,

202 1483 329 1559 propter
357 1476 491 1539 eamdem
521 1477 639 1559 quidem
667 1479 766 1560 legem
794 1480 984 1543 vexationem
1015 1482 1235 1562 sustinuerunt,
1265 1502 1326 1550 non

202 1584 343 1647 obierunt
367 1590 464 1645 autem
487 1588 628 1658 morleni3
658 1583 711 1646 sed
736 1602 793 1647 nee
818 1585 1043 1667 abnegaverunt
1066 1591 1197 1648 sauciam
1219 1587 1327 1670 legem.

202 1687 257 1750 Hie
272 1704 358 1766 vero,
383 1687 432 1768 qui
448 1686 570 1765 virides,
594 1688 671 1750 sicud
686 1693 874 1769 acceperant,
899 1687 1091 1768 tradiderunt,
1115 1690 1241 1754 modesti
1259 1699 1329 1755 sunt

202 1800 294 1874 atque
313 1793 405 1875 justi,
436 1793 538 1874 etqui
562 1793 646 1856 vaide
669 1812 743 1876 puro
767 1798 866 1855 menie
888 1791 1044 1871 vixerunt,
1072 1801 1102 1856 ed
1124 1794 1330 1859 custodierunt

202 1896 341 1959 mandale
364 1896 429 1957 Dei.
474 1895 597 1977 Reliqua
625 1904 723 1960 antem
755 1897 852 1976 scies,
884 1914 973 1976 quum
998 1897 1232 1962 consideravero
1262 1900 1328 1963 illas

202 2002 316 2085 virgas,
340 2018 415 2082 quas
437 2000 566 2082 plantavi
589 2008 619 2062 et
641 2002 793 2084 irrigavi.“

288 2104 335 2168 lv.
373 2104 444 2166 Post
468 2122 581 2186 paucos
604 2123 678 2167 vero
702 2106 767 2169 dies
792 2105 908 2168 reversi
930 2123 1048 2181 sumus;
1073 2105 1240 2189 eodemque
1258 2108 1326 2172 loeo

201 2208 343 2274 consedit
365 2209 484 2272 nuntius
508 2209 557 2271 ille
576 2209 760 2294 magnificus,
784 2227 844 2292 ego
864 2215 960 2271 autem
980 2209 1079 2273 adstiti
1099 2210 1135 2272 ei.
1181 2212 1264 2274 Tunc
1287 2213 1328 2276 ait

202 2315 290 2377 mihi:
325 2313 490 2396 „succinge
520 2321 548 2376 ie
584 2312 733 2394 ¹sabano,
763 2320 794 2376 ei
816 2315 947 2377 ministra
970 2315 1069 2377 mihi.“
1117 2315 1256 2379 succinxi
1279 2334 1327 2392 me

201 2420 316 2482 sabano
340 2417 459 2497 unrado,
483 2417 564 2499 quod
587 2426 652 2481 erat
675 2418 784 2481 sacrun
807 2436 847 2480 ex
869 2436 967 2480 sacco.
1012 2417 1050 2480 Ut
1071 2424 1167 2482 autem
1185 2418 1259 2481 vion
1278 2437 1325 2483 me

202 2523 330 2586 cinctum
353 2528 384 2584 et
398 2527 529 2604 paratum
547 2521 586 2584 illi
608 2523 785 2600 ministrare,
809 2524 864 2586 ait:
890 2541 984 2602 „voca
1000 2523 1083 2586 viros
1099 2523 1176 2602 iilos,
1200 2541 1325 2604 quorum
1351 2586 1353 2591 ,

202 2629 307 2713 virgae
330 2627 478 2710 pleniniae
501 2633 585 2706 sunt,
616 2646 673 2691 suo
696 2646 845 2710 quemque
868 2627 990 2705 ordine,
1020 2627 1096 2690 sieut
1124 2635 1326 2709 porrexerunt

203 2731 298 2795 illas.“
345 2731 382 2793 Er
404 2731 488 2794 duxit
511 2751 558 2795 ure
586 2732 616 2794 in
645 2751 797 2816 canrpnin5
827 2740 857 2796 et
884 2733 990 2797 vocavi
1018 2750 1139 2812 omnes,
1161 2734 1211 2814 qui
1239 2735 1327 2797 etiarn

202 2837 336 2900 universi
360 2838 558 2901 consiiierunt
581 2835 736 2900 ordinibus
759 2839 831 2901 suis.
869 2835 919 2899 Ait
934 2836 1042 2899 deinde
1057 2836 1094 2899 ad
1111 2837 1326 2919 idom-„quis-

202 2960 261 3022 que
285 2941 400 3024 virgum
424 2959 507 3036 suani
531 2941 677 3025 extrahat,
700 2948 730 3004 ei
754 2941 791 3005 ed
815 2960 862 3004 me
885 2940 1018 3004 aderai.“
1057 2941 1094 3004 Et
1114 2943 1210 3024 primo
1230 2943 1326 3007 tradi·
1411 2948 1415 2953 '

202 3046 328 3125 derunt,
359 3048 409 3128 qui
432 3047 530 3109 aridas
553 3054 583 3109 ei
606 3046 737 3126 puiridas
760 3046 936 3109 hahuerunt.
982 3044 1019 3107 Et
1042 3063 1167 3125 quorum
1189 3045 1325 3127 pulridee

203 3156 231 3214 ei
253 3149 356 3213 aridae
379 3157 517 3233 repertae
532 3157 601 3214 sunt
617 3151 731 3234 virgae,
750 3148 840 3234 'jussit
856 3169 910 3215 eos
926 3157 1006 3213 siare
1027 3166 1172 3212 seorsum.
1210 3149 1325 3214 Deinde

205 3262 421 3337 porrexerunt,
453 3259 503 3338 qui
532 3256 631 3318 arides
663 3255 800 3336 quidem,
831 3256 886 3319 sed
909 3274 969 3319 non
992 3252 1125 3338 putridas
1149 3253 1324 3320 habueruut.

205 3361 304 3442 Aliqui
329 3378 431 3423 eorum
455 3360 639 3423 tradiderunt
662 3362 762 3442 virgus
786 3360 913 3439 virides,
937 3358 1055 3441 quidam
1078 3376 1152 3422 vero
1175 3359 1273 3423 aridas
1296 3367 1328 3423 et

204 3465 349 3547 putridas,
372 3465 454 3527 velut
468 3484 484 3527 a
500 3467 579 3529 tinea
595 3471 696 3528 tactas.
733 3464 806 3544 Eos,
828 3466 878 3545 qui
894 3463 1005 3526 virides
1025 3460 1218 3542 tradiderunt,
1236 3465 1327 3545 jussit

203 3587 342 3633 seorsum
365 3576 462 3645 slare3
495 3569 561 3633 illos
591 3586 680 3647 vero,
711 3569 761 3649 qui
791 3569 888 3631 eridas
921 3575 951 3630 ei
977 3564 1108 3649 putridae
1131 3566 1325 3648 tradiderunt,

202 3692 270 3738 cum
293 3674 394 3757 primis
417 3680 498 3737 stare
516 3673 614 3757 jussit.
651 3672 856 3736 Perrexerunt
878 3671 987 3735 deinde
1009 3672 1060 3751 ilii,
1083 3671 1134 3752 qui
1152 3671 1326 3734 semiaridas

203 3778 377 3857 habuerant,
400 3784 429 3841 el
445 3778 592 3841 scissuras
607 3777 769 3852 habendes3
792 3778 875 3840 multi
888 3796 928 3840 ex
943 3777 999 3840 illis
1021 3774 1324 3875 ²virides4porrexe-

202 3890 289 3963 runt,
319 3901 377 3945 nec
399 3883 545 3945 scissurus
568 3882 728 3956 habentes;
759 3880 877 3961 quidam
905 3899 980 3945 vero
1011 3880 1121 3945 virides
1130 3876 1159 3959 ‚⁶
1170 3882 1324 3962 pampinos

201 3987 348 4051 habentes
371 3994 401 4051 et
423 3989 452 4049 in
468 3985 612 4068 pampinis
629 3984 772 4061 fructum3
794 3985 871 4049 sicut
889 3986 939 4065 illi,
963 3986 1013 4067 qui
1033 3986 1063 4049 in
1079 3986 1182 4048 turrim
1196 3985 1325 4067 iverunt,

202 4092 349 4156 coronali.
394 4090 453 4154 Alii
481 4093 683 4172 porrexerunt
715 4088 831 4168 aridas,
865 4096 895 4152 et
926 4106 985 4151 non
1020 4086 1171 4170 putridas3
1207 4091 1325 4171 quidam

200 4213 295 4274 vero,
325 4196 401 4259 sicui
432 4194 565 4272 fuerant,
595 4191 769 4256 semiaridos
801 4199 831 4254 et
860 4192 1007 4256 scissuras
1033 4190 1186 4256 hebentes.
1231 4194 1326 4259 Jussit

201 4318 441 4382 unumquemque
465 4317 569 4362 eorum
592 4315 728 4361 seorsum
751 4303 842 4375 stare,
866 4295 940 4358 elios
959 4312 1015 4358 suo
1036 4314 1186 4378 quemque
1207 4295 1324 4380 ordine,

201 4404 277 4467 alios
300 4421 446 4466 seorsum.

287 4506 322 4568 V.
368 4504 483 4570 Deinde
514 4511 730 4587 porrexerunt,
759 4506 810 4586 qui
841 4501 1035 4570 ³hebuerant
1064 4506 1176 4570 virides
1205 4504 1322 4586 quidem

201 4611 312 4694 virgae,
334 4610 388 4674 sed
410 4611 558 4673 scissuras
581 4610 734 4671 habentes.
780 4608 817 4671 Hi
840 4628 945 4674 omnes
968 4609 1106 4675 ⁴virides
1129 4608 1323 4688 tradiderunt,

234 4781 262 4845 1)
274 4780 403 4835 fluitatem
412 4781 516 4835 Graecis
528 4798 621 4835 vocem
634 4779 747 4843 σᾰβανον,
810 4783 840 4850 2)
859 4782 900 4835 Sc.
919 4800 1001 4838 nnuc.

200 4884 267 4937 quae
283 4867 389 4921 linteum
407 4871 462 4921 sivo
480 4869 619 4922 linteamen
634 4868 747 4932 decorat,
810 4867 839 4934 3)
858 4868 899 4921 Sc.
918 4872 1007 4938 priua.

200 4962 275 5006 vetus
293 4954 420 5023 interpres
444 4956 503 5009 heic
522 4958 547 5008 in
565 4972 610 5007 aue
628 4956 747 5007 versione
809 4956 838 5019 4)
865 4954 906 5006 Sc.
932 4971 1003 5008 anae
1029 4953 1124 5007 virides
1150 4956 1236 5022 virgae
1262 4955 1323 5009 cieo

199 5042 309 5095 nunna
336 5044 469 5095 Gaurano.
774 5038 888 5094 acisauria
906 5040 1050 5093 undabant.

1042 5125 1083 5163 nn
1094 5126 1115 5163 a
