3067 6450
554 1174 574 1229 t.
594 1174 778 1229 cussanus
797 1174 842 1228 uu
861 1173 936 1230 coa.
955 1174 1023 1229 ιι.
1309 1183 1351 1245 55

223 1338 313 1402 robis
340 1336 417 1401 lacta
442 1345 529 1418 sunl,
562 1345 591 1402 et
614 1341 643 1401 in
667 1338 722 1402 Dei
754 1336 895 1422 ¹legibus
926 1339 1114 1419 ambulastis,
1144 1338 1350 1422 'praepositis

225 1443 334 1507 restris
356 1441 483 1520 subditi,
505 1449 535 1505 et
558 1444 772 1525 presbyteros,
804 1446 852 1524 quii
876 1452 945 1507 sunt
968 1444 1044 1506 inter
1067 1462 1141 1524 vos,
1164 1444 1265 1508 debito
1290 1445 1350 1508 bo-

224 1567 299 1611 nore
325 1554 552 1630 prosequentes,
598 1548 778 1626 iuvenibus,
814 1556 845 1612 ul
868 1550 1020 1614 moderata
1044 1557 1075 1611 et
1097 1549 1221 1613 honesta
1247 1556 1349 1612 secta-

223 1658 343 1731 remur,
373 1653 549 1729 mundastis3
580 1654 752 1715 mulieribus
782 1655 810 1715 in
843 1655 1028 1736 inculpabili,
1058 1654 1181 1717 bonesla
1214 1659 1244 1716 el
1268 1662 1348 1719 casta

223 1758 406 1822 conscientia
430 1758 526 1820 omnia
553 1776 701 1840 peragere
724 1759 875 1839 jussistis,
906 1755 1095 1841 ³tliligentes
1122 1761 1242 1821 maritos
1265 1777 1348 1838 suos,

222 1869 309 1944 prout
334 1861 464 1925 officium
483 1862 627 1945 postulut;
651 1868 680 1924 el
700 1862 728 1925 in
749 1862 938 1926 obedientiae
962 1861 1106 1926 ‘canone
1129 1881 1163 1925 se
1186 1864 1347 1925 continen-

222 1974 275 2046 tes,
298 1985 349 2030 res
369 1967 547 2031 domesticus
566 1986 632 2030 eum
650 1968 797 2050 gravitate
818 1970 1023 2033 administrare
1047 1968 1201 2045 docuistis,
1227 1968 1346 2029 ornnino

221 2073 347 2137 honeste
370 2091 404 2136 se
425 2081 578 2157 gerentes.

377 2263 410 2327 ll.
457 2263 656 2329 Continoctio
680 2266 787 2330 laucis
806 2268 929 2347 prioris
954 2267 1195 2330 Corinthiorum.

305 2387 417 2451 Omnes
434 2387 534 2450 bamili
552 2390 649 2452 animo
668 2392 767 2469 eratis,
792 2391 820 2453 in
842 2391 920 2453 nulla
943 2409 976 2452 re
996 2391 1074 2452 inani
1094 2388 1265 2471 gloriationi
1286 2386 1344 2450 tle-

220 2491 278 2570 diti,
301 2492 368 2554 aliis
387 2490 534 2576 ⁵subjecli
553 2496 663 2576 potius,
685 2515 771 2577 quam
789 2495 863 2558 alios
883 2496 967 2558 vobis
986 2495 1190 2576 subjicientes,
1209 2488 1344 2556 ⁶luben-

219 2598 273 2659 tius
304 2595 429 2676 danles,
461 2617 548 2679 quam
580 2601 771 2682 accipientes.
817 2600 871 2662 Dei
904 2594 1039 2662 ⁷uiatico
1071 2599 1218 2675 contenti,
1252 2604 1282 2659 et
1304 2597 1341 2661 ad

218 2702 309 2765 verba
338 2702 405 2783 ejus
435 2701 595 2785 diligenter
626 2698 859 2783 'attendentem
893 2706 992 2768 intime
1016 2698 1198 2766 ⁹recondita
1222 2704 1251 2766 in
1275 2704 1341 2766 vis-

218 2808 335 2869 ceribus
365 2808 531 2871 servabatis
562 2810 652 2872 vcrba
685 2813 767 2893 ejus,
802 2813 928 2894 ejusque
961 2810 1116 2891 passiones
1149 2809 1233 2870 vobis
1267 2827 1340 2890 prae

220 2907 243 2948 ¹⁰
252 2911 350 2975 oculis
374 2919 466 2975 erant.
511 2914 560 2979 Sic
582 2915 639 2977 alta
660 2922 688 2977 el
704 2916 856 2978 abundans
875 2935 948 2998 pax,
971 2933 1037 2976 curm
1055 2912 1225 2994 inexplebili
1242 2914 1340 2977 bene·

217 3015 343 3079 faciendi
366 3015 532 3095 desiderio,
557 3021 693 3081 omnibus
717 3020 784 3081 data
808 3020 876 3097 inil;
900 3020 986 3101 plena
1011 3019 1098 3080 etiam
1120 3036 1211 3098 super
1233 3034 1338 3081 omnes

215 3122 335 3204 spiritus
357 3123 451 3186 saucii
475 3121 582 3185 ellusio
606 3122 680 3186 iacta
706 3132 771 3201 est;
795 3131 959 3206 sanctaque
982 3124 1135 3186 voluntate
1157 3123 1247 3204 pleni,
1270 3124 1337 3185 sin-

216 3246 284 3290 cera
308 3229 397 3291 animi
420 3229 587 3307 alacritate,
622 3248 687 3292 cum
717 3232 764 3311 pia
789 3231 984 3307 cnrrirlentia,
1019 3246 1123 3290 uranus
1154 3234 1269 3289 vestras
1299 3226 1336 3290 ad
1378 3250 1381 3255 ·

216 3332 309 3397 licum
333 3334 565 3415 omnipotentem
589 3335 783 3413 extendistis,
807 3337 1007 3418 supplicantes
1031 3334 1076 3412 ei,
1105 3339 1137 3394 ut
1159 3339 1241 3394 esset
1263 3350 1336 3415 erga

214 3456 267 3501 vos
290 3440 389 3502 animo
417 3436 599 3520 ¹¹propitio,
622 3440 648 3501 si
671 3440 740 3521 quid
764 3442 847 3502 inriti
872 3439 1060 3520 peccassetis.
1107 3436 1164 3499 Diu
1187 3440 1336 3516 noctuque

214 3544 331 3606 solliciti
354 3544 443 3606 erutis
467 3560 522 3624 pro
540 3543 680 3608 universa
704 3541 937 3622 ¹²lraternitate,
960 3550 990 3604 ut
1008 3559 1147 3604 numerus
1170 3540 1334 3602 electorum

214 3647 266 3711 Ilei
297 3648 502 3711 misericordia
532 3655 562 3711 et
598 3646 712 3713 '³bona
745 3651 927 3713 conscientia
947 3646 1121 3709 salvaretur.
1167 3644 1280 3708 Sinceri
1304 3650 1334 3705 et

213 3753 363 3835 simplices
385 3754 493 3832 eratis,
523 3760 613 3834 alque
639 3754 811 3836 injuriarum
837 3756 962 3818 invicem
991 3749 1013 3789 ¹⁴
1031 3755 1227 3815 immemores.
1274 3750 1334 3813 Se·

210 3983 293 4047 mtto,
313 3985 344 4029 ut
361 3977 518 4048 frequentius
536 3979 603 4048 apud
619 3982 757 4049 scriptores
784 3995 874 4031 sonum
892 3989 930 4031 est
950 3983 983 4044 τῷ
1002 3981 1119 4045 practicus.
1147 3980 1291 4027 lacoasorr.

208 4067 370 4119 christianos.
806 4066 848 4132 to)
867 4064 918 4117 cta.
937 4064 1026 4117 ll’etr.
1045 4063 1070 4127 2,
1092 4062 1138 4113 tr:
1164 4059 1205 4124 τὴν
1224 4057 1331 4124 ἀδελφό-

226 4155 274 4222 to)
294 4151 348 4204 err.
360 4151 412 4205 Gal.
424 4152 449 4217 ³,
462 4154 482 4205 l.
509 4153 642 4205 Pessiones
653 4155 758 4208 Christi
787 4172 850 4216 epra.

203 4255 252 4308 per
279 4241 535 4293 communicationem
560 4241 704 4293 idiomatum
727 4240 756 4289 τά
805 4240 846 4298 ts)
867 4236 985 4289 Postume
998 4237 1133 4306 legendum
1147 4233 1330 4299 octovianum:-

202 4325 346 4390 παθήματα
369 4328 413 4374 τοῦ
438 4325 517 4376 Θεοῦ
544 4336 680 4391 uocantur,
709 4326 754 4378 cir.
783 4344 839 4381 oscor
859 4348 893 4372 =
914 4328 1155 4392 commiseratione,
1175 4323 1330 4391 Mitpesriblp

200 4417 318 4479 monor,
339 4411 459 4465 Albanas.
472 4413 500 4465 Τ.
511 4412 529 4465 l.
543 4431 568 4483 p.
578 4415 602 4466 6.
621 4422 647 4464 et
661 4417 755 4482 Gottp'r.
783 4430 844 4464 seu:
866 4408 1032 4474 ammireus.
1052 4414 1185 4464 communi
1202 4414 1329 4463 orations.

199 4504 341 4570 bouyer,
369 4498 473 4551 biatoria
491 4500 638 4569 lbeolopieo
658 4500 755 4563 critica,
784 4505 884 4550 ltnoiiu.
907 4494 1213 4554 hadabernueoucoratu.
1226 4501 1329 4548 Junius.

200 4587 230 4638 T·
252 4585 273 4637 Ι·
293 4586 382 4654 1³·65·
781 4582 984 4648 Ennatoarjmm,
992 4587 1328 4638 laarmcutaantmt.tlav1s.

223 4674 271 4740 tt)
296 4669 377 4729 Ἰλέως.
417 4672 520 4737 lunius,
547 4670 633 4724 bellus
660 4681 686 4723 et
713 4670 755 4723 atti
782 4671 937 4723 Leeliorllati
956 4669 1183 4738 placotGallandio
1200 4671 1327 4722 vertenti:

203 4759 391 4812 matuurt'tror.
409 4757 477 4811 Nibil
491 4769 575 4811 autern
588 4766 673 4821 mrit03
691 4757 901 4863 ilrtss'uauaimi
920 4776 1062 4824 coricensis,
1083 4765 1109 4807 ut
1130 4757 1193 4808 intra
1212 4774 1235 4808 c.
1255 4756 1297 4806 ot.

205 4848 288 4910 ellim,
315 4854 344 4897 ul
368 4854 426 4913 posi
445 4845 590 4897 Wottonum
611 4845 672 4896 uidit
691 4844 753 4896 Gal·
802 4847 844 4900 Η)
863 4845 906 4896 Mu.
925 4841 1119 4907 tfrmpnrqur'acxoc,
1143 4841 1217 4892 rnole.
1253 4843 1326 4889 Ilar-

204 4931 673 4998 laudius,adverbialiterusurpatum,
686 4951 751 4998 pro·
780 4936 943 4995 caremtenam,
963 4934 1050 4984 orariis
1067 4932 1135 4980 inter·
1150 4945 1199 4981 cua
1211 4930 1327 4996 offensos

207 5022 278 5087 pitia,
298 5018 340 5071 rel
358 5023 447 5074 animo
464 5022 589 5089 propitio,
609 5020 670 5069 satis
688 5032 752 5069 con·
781 5023 954 5073 inanimem.
986 5020 1058 5066 ltin.
1080 5017 1214 5065 Gaurano.
