3067 6450
404 1200 423 1255 t
442 1199 625 1255 cnsttnnnts
643 1200 690 1254 AD
709 1198 783 1253 COR.
803 1200 841 1254 tt
860 1201 910 1255 tn.
928 1200 990 1255 tttt
1015 1236 1021 1247 ·
1197 1205 1260 1270 125

135 1360 304 1426 induratum
330 1368 378 1425 est
401 1379 505 1426 eornm
528 1378 591 1440 cor,
616 1359 690 1442 ¹qni
714 1369 817 1425 contre
833 1363 969 1447 Moysem
989 1361 1129 1425 somnium
1146 1361 1263 1426 Domini

134 1467 315 1531 seditionem
351 1467 554 1543 concitarunt,
593 1484 720 1546 quornm
757 1468 965 1531 condemnatio
1006 1466 1161 1531 moniicsto
1199 1466 1263 1530 tuit.

135 1572 367 1637 Descenderunt
398 1573 477 1633 enim
507 1572 536 1633 in
567 1569 714 1633 internum
747 1573 826 1649 vivi,
858 1578 886 1634 et
918 1590 999 1634 mors
1026 1590 1081 1634 eos
1104 1572 1261 1652 absorpsit.

134 1675 278 1740 ²Ptnrao
302 1695 361 1739 uno
392 1695 458 1739 cum
489 1676 625 1738 exercitu
657 1692 730 1753 sno,
762 1682 793 1737 et
822 1695 926 1739 omnes
954 1675 1097 1758 praetecti
1120 1673 1262 1758 Aegypti,

133 1799 243 1845 currus
267 1783 354 1844 etium
377 1788 407 1843 ct
430 1781 631 1844 consistentes
654 1781 684 1842 in
709 1782 753 1842 eis
776 1798 836 1842 non
859 1779 944 1842 otiam
974 1779 1012 1841 ob
1037 1798 1156 1842 causum
1180 1780 1262 1843 rubri

132 1887 224 1949 moris
248 1885 398 1966 profundo
421 1886 552 1948 immersi
575 1890 660 1962 sunt,
691 1890 721 1945 et
743 1885 912 1964 perierunt,
945 1903 1032 1966 quum
1063 1883 1143 1964 qnod
1175 1883 1261 1946 stultu

133 2008 240 2053 eornm
264 1990 372 2067 corda,
401 1997 469 2071 post
492 1995 536 2051 tot
557 1991 645 2069 signu
675 1994 704 2050 et
727 1988 868 2051 miraculo
899 1996 1021 2052 ostensu
1044 2008 1098 2071 per
1123 1987 1261 2050 inmotum

132 2094 188 2157 Dei
211 2093 340 2176 Moysen
362 2094 392 2157 in
415 2102 496 2157 terra
518 2092 666 2176 Aegypti,
689 2092 824 2156 induratu
848 2092 966 2156 inerint

398 2285 454 2349 LM.
503 2284 588 2347 Totis
611 2283 770 2361 consessio
793 2284 862 2349 Deo
882 2286 997 2366 placet.

222 2404 364 2471 ³Nndius
389 2410 450 2485 rei,
480 2404 606 2485 iratres,
631 2408 749 2489 indigus
773 2414 820 2469 est
843 2407 986 2471 Dominus
1014 2408 1160 2485 omnium;
1190 2406 1261 2470 nihil

133 2530 323 2595 equoquam
348 2510 513 2590 desideret,
536 2517 744 2592 praeterquam
769 2518 799 2574 ut
823 2513 877 2593 ipsi
902 2512 950 2574 dot
976 2512 1139 2576 confessio.
1185 2512 1261 2576 Dicit

133 2620 212 2681 enim
236 2617 350 2680 electus
373 2617 485 2679 David:
510 2615 710 2697 ⁴confitedor
731 2618 880 2693 Domino,
905 2624 935 2678 et
953 2617 1092 2697 placebit
1117 2618 1146 2680 ei
1167 2636 1261 2698 super

131 2723 263 2786 vitutum
283 2722 451 2797 novatum,
485 2740 605 2784 cornua
631 2723 856 2802 producentem
889 2731 919 2784 et
947 2723 1262 2803 unyutoe;,oideont

130 2847 289 2909 pauperes
304 2837 334 2890 et
348 2829 511 2889 laetentur.
546 2826 581 2889 Et
596 2845 700 2890 rursus
717 2827 803 2891 dicit:
826 2823 975 2889 ⁵e'mmolo
987 2826 1055 2890 Deo
1071 2828 1261 2906 sucrificium

132 2932 262 3009 laudis,
295 2940 325 2994 et
349 2933 447 2994 redde
469 2932 631 2996 ditissimo
661 2941 735 2995 eota
765 2943 829 2995 tua.
874 2933 915 2995 Et
944 2933 1059 2997 invoco
1081 2952 1128 2995 me
1152 2933 1184 2993 in
1208 2933 1260 2995 die

131 3037 349 3101 tribulationie
366 3046 448 3114 tuoe,
465 3047 495 3101 et
509 3058 617 3101 eruam
633 3048 671 3115 te,
693 3047 723 3100 et
736 3036 932 3118 odorificentim
947 3057 1002 3098 me.
1041 3033 1260 3117 “Sacrificium

132 3145 214 3205 enim
237 3142 304 3206 Deo
327 3142 460 3221 spiritus
481 3144 718 3207 contribulatus.

312 3333 381 3397 Lttt.
426 3334 526 3397 Moet's
548 3334 691 3397 chorites
715 3354 790 3414 erqo
813 3331 961 3413 populum
984 3350 1082 3393 suum.

221 3455 324 3518 Nostis
346 3463 462 3534 entem,
492 3456 609 3534 dilecti,
642 3462 672 3517 et
701 3456 797 3535 probe
828 3454 922 3515 nostis
952 3469 1054 3514 succos
1077 3450 1257 3531 Scriptores,

132 3567 161 3621 et
183 3561 305 3642 penitus
328 3562 357 3623 in
380 3563 478 3623 divina
510 3562 628 3641 etoquia
660 3559 888 3640 introspexistis.
934 3555 983 3618 tna
1013 3557 1102 3637 igitur
1130 3557 1159 3616 in
1189 3574 1258 3617 me·

133 3667 256 3728 moriem
286 3675 438 3728 revocate.
483 3666 555 3728 Com
579 3666 701 3747 Moyses
732 3665 761 3725 in
786 3669 914 3724 montem
940 3653 1167 3735 'ascendissem
1198 3654 1256 3720 ⁸et

133 3769 329 3850 qnadraginta
353 3771 419 3832 dies
444 3779 609 3849 noctesque
632 3769 827 3850 quodraginta
852 3768 879 3827 in
900 3766 1017 3847 jejunio
1046 3771 1075 3825 et
1099 3764 1260 3826 tinniititote

133 3875 348 3955 transegisset,
381 3874 455 3936 dixit
480 3875 607 3936 adeum
631 3874 791 3934 Dominus:
825 3865 995 3952 ⁹ntoyses,
1024 3868 1165 3949 Moyses,
1199 3867 1259 3929 de-

132 3979 249 4040 scende
264 3978 413 4040 velociter
427 3978 510 4052 dinc,
534 3979 609 4057 quio
623 3978 820 4056 iniquitatem
834 3973 912 4052 [ecit
925 3974 1062 4052 populus
1079 3981 1159 4048 tuus,
1182 3991 1261 4052 quoe

133 4085 274 4146 eduxisti
298 4084 336 4144 de
359 4093 445 4145 terro
463 4083 615 4163 Aegypt&
639 4082 828 4160 troneyreeei
851 4085 924 4140 eunt
947 4079 1009 4139 cito
1026 4079 1065 4138 de
1081 4078 1144 4152 oin,
1167 4095 1260 4156 quum

133 4188 292 4249 mammeti
314 4188 372 4262 eie,
397 4193 427 4247 et
445 4184 590 4263 fecerunt
612 4186 674 4248 eidi
695 4184 817 4263 fusilia.
862 4182 903 4243 Et
930 4181 1016 4242 dixit
1038 4180 1192 4243 Dominus
1217 4180 1260 4243 nd

134 4292 241 4353 ittum:
268 4284 293 4326 ¹⁰
303 4290 426 4354 tomus
446 4310 511 4352 eum
532 4292 576 4353 ud
594 4299 622 4351 te
642 4289 736 4351 semet
758 4297 787 4348 et
809 4288 930 4360 iterum,
954 4284 1080 4346 dicens:
1107 4283 1176 4344 Vidi
1198 4303 1260 4364 po·

133 4397 240 4474 putum
269 4395 370 4470 dunc,
403 4404 433 4457 et
462 4414 550 4471 ecce,
581 4395 720 4474 populus
751 4394 832 4454 duro
855 4392 976 4451 cervice
1005 4396 1069 4460 eet,·
1098 4389 1182 4464 eine,
1213 4407 1259 4450 me

135 4500 347 4562 exterminare
371 4518 436 4575 eos,
460 4507 489 4560 et
510 4498 617 4561 delebo
640 4516 750 4561 nomen
767 4514 874 4558 eorum
889 4493 947 4556 sub
964 4494 1050 4556 coeto
1059 4511 1071 4565 ;
1094 4490 1261 4569 etfaciam

169 4687 199 4755 d)
217 4685 258 4738 Pe,
277 4685 328 4750 68,
353 4685 465 4739 31-33.
503 4687 583 4740 ctm.
607 4688 682 4739 ntes.
745 4685 776 4751 8)
794 4683 812 4736 t.
832 4700 856 4735 e.
876 4681 1054 4748 διιιτρίᾳηντος.
1090 4677 1140 4730 sir.
1160 4675 1214 4728 Jnc.
1234 4676 1260 4741 1,

137 4769 153 4821 l.
172 4789 194 4823 c,
213 4789 238 4839 p,
259 4771 319 4823 611.
714 4767 752 4820 13.
790 4768 882 4822 MCor.
905 4769 946 4832 11,
965 4767 1007 4817 25.

170 4857 199 4922 5)
218 4856 257 4910 Pe.
276 4859 320 4923 ⁴9,
342 4857 380 4909 14.
402 4859 440 4910 15.
745 4856 775 4922 9)
795 4854 874 4906 Enod.
886 4854 1020 4921 ³²27¹dd
1042 4849 1150 4912 Deut9‚
1164 4849 1260 4918 ttuqq.

171 4944 199 5009 o)
218 4943 258 4996 Pe.
279 4944 322 5010 50,
343 4944 383 4996 19.
731 4942 774 5002 td)
795 4942 844 4994 Cin.
865 4945 943 4997 Ctenu
961 4943 1037 4994 Ater.
1057 4935 1147 4987 Suom.
1161 4935 1203 5001 tt,
1220 4935 1260 4987 19.

172 5032 200 5099 7)
219 5030 257 5084 lte
274 5029 442 5085 inconsonus.
711 5047 737 5098 p.
755 5027 816 5079 617.
