3067 6450
412 1186 632 1245 emanans
652 1189 698 1243 nn
718 1188 792 1243 coa.
812 1188 919 1244 xxvm
937 1188 1022 1246 xxix.
1040 1190 1112 1246 xxx.
1283 1196 1325 1262 93

288 1435 416 1500 XXVlll.
462 1440 548 1502 Deus
571 1439 678 1501 omnia
698 1439 793 1514 videt,
820 1458 894 1519 erpo
916 1440 1076 1520 sopiamus
1098 1450 1237 1519 peccata.

290 1559 363 1622 Cum
380 1560 477 1623 omnia
501 1561 590 1642 igitur
616 1557 624 1596 ¹
639 1560 704 1641 ejus
721 1560 816 1622 oculis
833 1569 862 1622 ct
879 1562 997 1623 auribus
1015 1568 1141 1643 pateant,
1162 1568 1325 1624 metuamus

201 1684 281 1742 eum,
305 1671 334 1726 et
356 1666 487 1747 impuras
510 1663 687 1746 cupiditales
710 1680 869 1744 pravorum
893 1682 1016 1744 operum
1041 1650 1235 1744 deseramus,
1254 1671 1285 1727 ut
1308 1684 1324 1727 a

200 1768 303 1833 futuro
328 1768 442 1850 judicio
473 1769 539 1850 ejus
570 1766 773 1829 misericordia
805 1775 948 1850 tegamur.
994 1770 1129 1842 Quonam
1153 1771 1230 1831 enim
1257 1771 1324 1851 quis

200 1880 336 1936 nostruin
366 1890 383 1934 a
411 1880 533 1953 potente
564 1873 748 1952 ejus.manu
780 1871 886 1956 lugere
916 1873 1041 1954 potest?
1093 1873 1166 1946 Quis
1198 1873 1324 1936 mundus

200 1977 369 2059 quempiam
390 1976 426 2038 ab
444 1994 482 2038 eo
499 1977 682 2058 transfugam
698 1978 850 2056 recipiet?
884 1978 961 2038 Dicit
977 1977 1053 2038 enim
1070 1977 1177 2039 alicubi
1193 1974 1324 2059 ²Scrip·

199 2090 283 2146 tura:
307 2079 393 2162 ³puo
417 2081 478 2159 ibo,
504 2089 533 2143 et
555 2082 607 2143 ubi
630 2101 650 2142 o
671 2082 757 2160 sucis
781 2090 835 2144 tua
857 2081 1065 2143 occultabor?
1098 2081 1134 2142 Si
1150 2081 1323 2143 ascendero

199 2189 232 2249 in
257 2187 394 2262 coelum,
420 2195 451 2248 tu
475 2187 543 2247 illic
564 2206 617 2258 es;
648 2186 677 2246 si
702 2186 744 2246 ad
767 2193 870 2247 terrae
893 2195 1033 2247 extrema
1055 2184 1179 2260 abiero,
1208 2186 1324 2246 dextra

201 2300 257 2352 tua
278 2291 365 2363 illic;
396 2292 426 2352 si
455 2287 615 2352 ‘sernum
641 2307 780 2371 posuero
811 2290 844 2350 in
867 2289 1000 2370 abysso,
1033 2289 1100 2350 illie
1122 2297 1170 2349 est
1190 2289 1323 2369 spiritus

200 2404 282 2458 taus.
328 2392 424 2468 5Ουο
455 2396 545 2476 igitur
573 2394 663 2455 abibit
694 2393 854 2473 quispiam,
886 2395 934 2456 vel
966 2413 1025 2474 quo
1054 2393 1188 2475 aufugiet
1213 2394 1249 2456 ab
1273 2412 1322 2471 eo,

200 2502 252 2581 qui
276 2500 373 2563 omnia
396 2498 625 2581 complectitur?

277 2690 380 2754 XXIX.
427 2691 468 2752 Et
489 2691 675 2752 accedamus
699 2690 742 2750 nd
762 2690 862 2750 Deum
885 2689 918 2751 in
940 2691 1105 2751 sanctitate
1129 2690 1245 2753 cordis.

286 2810 473 2875 Accedamus
497 2829 571 2894 ergo
595 2810 631 2873 ad
654 2830 722 2873 eum
745 2811 774 2872 in
797 2812 952 2872 sanctitate
975 2810 1106 2890 animae,
1140 2806 1268 2873 6castas
1293 2818 1324 2872 et

200 2916 366 2998 impollutas
397 2934 499 2978 uranus
531 2915 682 2977 elevantes
713 2915 748 2976 ad
781 2915 878 2993 illum,
912 2913 1072 2997 diligentes
1103 2915 1264 2997 benignum
1293 2921 1323 2976 et

199 3020 424 3084 misericordem
458 3025 570 3101 patrem
603 3026 755 3097 nostrum,
790 3014 866 3099 'qui
900 3038 956 3081 nos
989 3019 1044 3080 sibi
1077 3020 1132 3099 ipsi
1165 3018 1323 3081 electionis

200 3133 314 3206 partem
338 3125 417 3186 iecit.
457 3125 506 3188 Sic
530 3125 606 3185 enim
629 3124 770 3203 scriptum
794 3128 855 3184 cst:
881 3117 1026 3203 ⁸quando
1049 3121 1209 3183 dividebat
1232 3122 1323 3182 attis·

199 3231 297 3294 simus
320 3239 436 3310 pentes,
460 3229 586 3309 quando
611 3228 830 3290 disseminavit
849 3229 933 3307 filios
949 3227 1048 3305 Adue,
1074 3227 1236 3290 constituit
1258 3234 1321 3287 ter·

200 3335 302 3397 minos
322 3336 459 3415 nentium
481 3334 650 3395 secundum
673 3350 832 3393 numerum
849 3329 1036 3409 Ampelorum
1051 3330 1120 3391 Dei.
1158 3329 1199 3390 Et
1215 3329 1322 3407 sactus

201 3446 248 3500 est
274 3457 354 3517 pars
384 3437 511 3500 Domini
539 3436 656 3512 Jacob,
687 3435 845 3514 funiculus
876 3434 1081 3495 baereditatis
1113 3436 1181 3511 ejus
1212 3433 1321 3496 lsrael.

201 3539 237 3602 llt
259 3540 290 3602 in
312 3540 370 3603 alio
394 3539 460 3602 loco
485 3539 571 3602 dicit:
595 3534 688 3601 ⁹eccc
704 3539 856 3600 Dominus
880 3538 962 3599 tollit
983 3536 1044 3598 sibi
1058 3547 1177 3617 pentem
1192 3556 1208 3598 e
1223 3536 1323 3598 medio

200 3644 346 3724 nentium,
367 3654 464 3723 prout
485 3644 577 3707 bomo
598 3644 757 3723 primitias
780 3661 874 3703 arene
896 3660 974 3704 suae
997 3642 1098 3714 tollit;
1121 3650 1150 3702 et
1172 3660 1213 3701 err
1233 3647 1324 3720 pente

201 3749 258 3810 illo
279 3758 391 3811 sancta
412 3756 592 3811 sanctorum
615 3748 822 3829 epi-edientur.

204 3938 295 4002 XXX.
329 3939 505 4015 Faciamus,
523 3957 604 4018 puae
615 3939 759 4018 placent;
779 3938 951 4017 sapiamus,
969 3954 1049 4017 qnae
1065 3935 1232 4015 displicent
1244 3935 1323 4011 Deo,

621 4049 655 4102 ut
680 4041 906 4102 benedicamur.

289 4165 362 4228 Cum
385 4164 475 4247 igitur
498 4164 596 4245 portio
621 4164 719 4228 Sancti
742 4164 851 4240 simus,
880 4160 1022 4223 iaciamus
1047 4162 1162 4238 omnia,
1185 4178 1264 4241 quae
1286 4159 1324 4221 ad

206 4268 389 4331 sanctitatem
404 4269 562 4349 pertinent,
584 4267 817 4330 obtrectationes
834 4265 1008 4342 devitantes,
1029 4265 1160 4345 impuros
1177 4282 1212 4326 ac
1229 4259 1325 4324 ¹⁰im-

239 4495 270 4563 6)
288 4493 400 4545 Imitatur
418 4492 444 4545 S.
456 4492 560 4544 Paulam
578 4490 663 4543 l'l'im.
682 4492 709 4555 2,
727 4490 750 4541 8.
780 4497 806 4540 ut
823 4503 913 4539 sensus
931 4490 977 4539 rit:
1006 4486 1077 4538 Deus
1095 4487 1144 4537 sibi
1169 4502 1201 4537 ex
1221 4485 1326 4553 reliquia

240 4582 270 4648 7)
288 4580 339 4631 Aut
357 4579 416 4650 lege
432 4574 472 4637 obe
488 4596 545 4630 eum
564 4576 684 4643 Daririo,
709 4586 752 4628 aut
780 4573 921 4626 bominibus
940 4575 1068 4640 separavit
1082 4588 1138 4636 aas,
1158 4580 1184 4623 et
1203 4572 1265 4622 lecit
1283 4568 1325 4617 ix-

207 4668 295 4735 rupplc
313 4662 373 4729 riade
391 4665 432 4717 vel
450 4661 482 4713 td
499 4664 565 4727 ibon.
633 4714 636 4720 ,
779 4662 846 4725 ioris
863 4661 944 4723 μέρος,
970 4668 998 4710 ut
1020 4674 1050 4710 ex
1071 4672 1130 4710 area
1150 4657 1295 4722 decerpitur
1312 4650 1326 4718 ἡ

240 4753 269 4818 8)
290 4752 365 4805 Dent.
384 4752 427 4815 ³2,
446 4753 471 4801 8.
491 4752 516 4803 9.
779 4743 878 4812 duam
889 4745 945 4796 Deo
958 4761 1041 4808 sacra,
1060 4758 1125 4812 quaa
1138 4742 1164 4792 fit
1176 4739 1231 4806 ἅγια
1242 4737 1326 4806 dytun.

240 4838 271 4907 9)
290 4839 371 4890 liceto
390 4837 537 4890 observarit
552 4836 668 4904 Freyium
687 4836 752 4889 bunc
780 4838 913 4885 Garunna.

208 4923 291 4977 locum
312 4922 471 4976 Clemente·
496 4923 620 4976 mabam
643 4931 696 4975 ium
721 4938 753 4974 ex
799 4922 842 4987 ro)
860 4918 906 4969 bis.
924 4912 1022 4982 dynam,
1043 4912 1116 4965 male.
1153 4910 1202 4963 Alii
1219 4906 1325 4978 tnyrobi,

209 5008 282 5066 Num.
296 5010 338 5076 18,
351 5012 384 5062 27
403 5018 455 5063 tum
474 5026 506 5062 ax
523 5008 696 5075 livoratus,
711 5008 752 5073 ld,
779 5008 945 5062 libidinosos.
