3067 6450
494 1178 526 1236 tt
545 1176 729 1236 CLEUENDS
748 1181 794 1236 to
812 1179 888 1238 CDD.
907 1180 959 1239 VD.
978 1183 1043 1240 titt.
1269 1191 1332 1259 143

386 1428 444 1494 tttt
491 1429 683 1494 Certondum
705 1441 754 1496 est
774 1434 878 1513 nobis,
900 1443 935 1498 ut
956 1452 1148 1499 coronemur.

293 1549 452 1629 Quocirca,
476 1552 585 1616 iratres
602 1554 669 1633 mei,
686 1562 845 1634 certemus,
861 1558 1002 1632 scientes,
1024 1559 1091 1639 quin
1108 1559 1331 1639 praemuntios

202 1662 251 1717 cst
278 1651 469 1735 ¹oertumen,
501 1663 532 1718 et
562 1657 630 1738 quis
662 1657 698 1720 od
722 1661 924 1741 corruptibilia
957 1662 1117 1724 certamino
1141 1662 1221 1725 multi
1245 1659 1330 1725 ²nd-

202 1760 334 1843 peiiuut,
366 1759 420 1823 sed
453 1780 512 1824 non
548 1779 652 1824 omncs
676 1773 877 1842 coronantur,
911 1765 967 1826 nisi
990 1766 1039 1845 qui
1062 1765 1219 1847 plurimum
1241 1767 1330 1831 tubo·

202 1865 338 1927 reveunt
361 1872 391 1927 et
413 1866 567 1946 praeclare
591 1868 741 1929 certarint.
787 1869 851 1932 Nos
874 1871 964 1952 igitur
987 1877 1145 1949 certemus,
1172 1878 1204 1934 ut
1227 1890 1331 1935 ornnes

203 1986 395 2033 coronemur.
441 1968 523 2052 Ergo
555 1966 738 2034 ³currnmus
772 1973 846 2034 riom
881 1980 1010 2051 rectum,
1044 1982 1194 2038 certamen
1225 1975 1330 2038 incor-

202 2075 359 2158 ruptibile,
392 2082 424 2139 ct
446 2074 527 2137 multi
549 2073 585 2137 nd
609 2075 705 2156 ipsum
728 2077 915 2160 navigemus,
939 2085 1028 2160 utque
1051 2085 1218 2156 certemus,
1245 2085 1277 2142 ut
1300 2087 1331 2143 et

203 2198 393 2245 coronemur.
439 2179 501 2244 Etsi
523 2198 583 2244 non
607 2198 768 2261 possumus
792 2201 896 2248 omncs
919 2184 1076 2262 coronari,
1108 2184 1212 2246 snitum
1234 2200 1329 2265 prope

201 2303 347 2350 coronam
370 2284 471 2347 simus.
517 2283 602 2348 Scire
625 2302 681 2347 vos
705 2292 841 2367 oportet,
872 2287 971 2370 quod,
1004 2288 1054 2368 qui
1081 2292 1231 2349 certamen
1255 2304 1329 2349 cor·

202 2389 343 2472 ruptibite
366 2394 469 2467 certat,
492 2388 519 2452 si
542 2389 711 2453 inveniatur
733 2407 928 2474 corrumpens
949 2397 978 2452 et
999 2408 1138 2472 peccans,
1162 2389 1329 2473 tingetintus

202 2492 384 2571 ‘autentum
415 2499 446 2554 et
475 2498 560 2555 extro
591 2494 717 2557 studium
748 2497 912 2578 projicitur.
959 2495 1036 2570 Ouid
1069 2496 1156 2558 vobis
1186 2495 1329 2558 videtur?

201 2598 261 2673 Dui
283 2597 515 2678 incorruptionis
539 2604 689 2662 certamen
712 2601 900 2680 corruperit,
932 2598 1002 2680 quid
1025 2599 1179 2680 potietur?
1225 2600 1270 2662 De
1292 2600 1328 2663 iis

202 2703 297 2778 enim,
321 2702 370 2782 qui
395 2696 550 2783 ⁸sigiiiunn
573 2720 635 2765 non
657 2704 863 2782 servaverint,
887 2705 941 2766 nit:
970 2698 1111 2766 ‘vermis
1134 2723 1242 2767 eorum
1264 2723 1328 2768 non

199 2807 364 2883 morietur,
387 2815 416 2869 ct
431 2806 513 2886 ignis
528 2825 636 2872 eorum
650 2826 715 2872 oon
730 2810 949 2891 extinguetur,
972 2816 1002 2870 et
1018 2815 1112 2870 erunt
1126 2806 1160 2868 io
1174 2809 1328 2872 visionem

202 2930 287 2976 omns
311 2929 410 2974 coron.

201 3073 286 3168 vni*
321 3101 477 3180 Quamdiu
500 3102 534 3164 in
556 3102 616 3167 icoo
644 3105 759 3167 mundo
789 3123 913 3183 sumus,
942 3104 1167 3183 poenitentium
1198 3119 1328 3183 aponius

512 3215 543 3269 et
564 3226 689 3270 curnem
711 3217 829 3272 coctum
854 3230 1021 3274 servemus.

293 3324 466 3404 'Quamdiu
489 3349 563 3414 ergo
590 3331 620 3393 in
643 3332 730 3394 terris
755 3331 909 3415 degimus,
943 3331 1154 3412 poenitentium
1185 3344 1307 3411 agemus
1316 3347 1326 3405 3

201 3438 295 3499 tutum
326 3434 436 3517 quippe
467 3452 570 3497 sumus
600 3434 629 3496 in
662 3455 749 3498 manu
780 3437 910 3499 artificis.
963 3432 1214 3510 Quemadmodum
1248 3431 1327 3494 enim

201 3541 328 3624 tiguius,
364 3539 390 3601 si
424 3556 477 3601 vus
510 3538 633 3617 iecerit,
671 3521 804 3620 ittudoue
839 3541 870 3602 in
905 3540 1037 3602 munibus
1072 3540 1138 3620 ejus
1173 3535 1328 3596 distortum

202 3645 293 3708 tuerit
322 3650 372 3705 sut
400 3642 575 3719 contritum,
608 3660 713 3706 rursus
744 3642 815 3704 itiud
848 3642 986 3724 refingit,
1016 3643 1062 3704 sin
1092 3658 1167 3703 vcro
1198 3638 1268 3700 ittut
1299 3639 1328 3701 in

203 3751 355 3814 tornacum
378 3746 455 3830 iguis
478 3747 595 3809 mitiore
620 3748 837 3829 praefiniverit,
868 3746 929 3809 non
953 3746 1076 3825 emptius
1105 3746 1131 3806 ei
1154 3748 1328 3819 succurret;
1439 3813 1444 3822 ,

202 3854 239 3916 itu
265 3858 295 3915 ct
317 3869 383 3929 nos,
405 3850 545 3933 quamdiu
567 3852 597 3913 in
621 3850 679 3914 hoc
703 3851 813 3915 mundo
836 3869 947 3928 sumus,
971 3854 1172 3931 peccatorum,
1198 3864 1275 3928 quno
1298 3846 1327 3908 in

202 3974 294 4019 corno
327 3957 495 4037 gessimus,
530 3973 570 4017 ex
604 3960 667 4016 toto
701 3955 795 4018 corde
828 3954 1038 4038 poenitentium
1073 3968 1213 4034 agninus,
1247 3955 1279 4012 ut
1310 3966 1328 4011 u

202 4060 330 4123 Domino
353 4057 513 4136 solvemur,
535 4056 604 4120 dum
621 4059 821 4139 poenitentioe
838 4067 953 4139 tempus
974 4056 1124 4119 hebemus.
1168 4054 1327 4135 Postquam

202 4166 280 4230 enim
308 4182 327 4226 c
356 4164 467 4227 mundo
494 4164 658 4241 exivimus,
688 4181 748 4225 non
777 4161 902 4244 emplius
933 4177 1094 4242 possumus
1120 4158 1159 4220 toi
1183 4156 1328 4234 confiteri,

200 4274 249 4331 sut
287 4268 497 4349 poenitentium
535 4285 637 4350 cgere.
694 4267 814 4344 Quare,
853 4265 980 4342 iratres,
1019 4263 1199 4326 voluntatem
1234 4261 1328 4323 Putris

202 4370 366 4449 incientes,
400 4378 431 4433 et
465 4388 584 4432 curnem
619 4376 730 4432 castum
764 4374 939 4448 servantes,
975 4374 1004 4430 et
1040 4366 1176 4429 mandute
1212 4362 1327 4425 Domini

202 4474 406 4539 custodiemus
428 4491 649 4557 consequemur
671 4476 760 4536 vitum
783 4478 944 4535 ueternum.
987 4472 1063 4534 Dicit
1087 4469 1165 4534 enim
1181 4465 1327 4530 Dominus

203 4648 273 4732 qussi
291 4678 306 4714 s
325 4664 389 4721 om,
414 4660 481 4730 quod
505 4668 532 4714 et
549 4658 643 4713 Noitco
667 4660 753 4729 piccet
779 4670 833 4725 tur,
852 4661 991 4727 respiciens
1004 4659 1035 4710 cd
1050 4650 1220 4727 epistolum&
1236 4649 1326 4719 ignctii

202 4750 347 4817 respicienti
374 4748 407 4800 sd
432 4747 566 4816 epistotam
585 4746 611 4799 S.
632 4746 701 4798 Pauli
718 4747 750 4798 sd
779 4747 811 4799 cd
829 4746 996 4814 Polycarpum
1015 4761 1037 4797 o
1057 4743 1081 4816 3.

202 4832 334 4887 licbrscos
354 4834 438 4898 12,1.
474 4832 582 4885 Birriuc:
608 4849 749 4901 ponamus,
813 4834 842 4897 5)
862 4832 880 4885 i.
899 4849 923 4884 c.
943 4834 1109 4899 baptismum.
1134 4828 1213 4877 snus.

203 4921 260 4974 ic.
278 4935 453 4991 proponemus
471 4920 561 4983 nobis,
573 4927 593 4972 ἰ
612 4923 706 4984 τίθημι.
812 4919 841 4982 6)
860 4917 917 4968 tut.
936 4916 980 4982 66,
999 4916 1041 4967 24.

234 5007 267 5078 4)
290 5006 370 5063 non
387 5004 493 5078 conjicit
510 5002 604 5073 dicum
620 5008 748 5066 nma-
812 5003 843 5074 ⁷)
861 5001 899 5057 tn
916 5000 1001 5057 ttotio
1037 4999 1083 5055 uc
1101 5006 1129 5053 sn
1146 4996 1223 5051 ctist:
1241 4992 1279 5055 oie
