3067 6450
138 1180 167 1238 e.-
190 1181 336 1253 sensnm]
579 1182 833 1239 rnotesommn.
1191 1192 1268 1246 mm

142 1341 236 1409 1837.
258 1364 287 1427 p.
311 1341 375 1409 253
398 1341 485 1429 sqq.)
515 1352 546 1408 et
570 1343 748 1409 llllltornue
778 1343 827 1430 (in
849 1348 1005 1426 Niedner,
1029 1350 1198 1415 Zeilschrilt
1221 1352 1269 1439 stit

138 1449 243 1512 histor.
266 1449 434 1534 Theologie
460 1448 550 1514 1851.
575 1468 602 1530 p.
628 1449 726 1533 255),
751 1453 805 1514 sed
828 1454 864 1515 ab
888 1453 934 1516 his
958 1461 987 1516 et
1010 1455 1045 1517 ab
1069 1456 1119 1519 illo
1146 1458 1188 1520 nil
1211 1459 1268 1522 nisi

138 1553 353 1618 affirmationes
382 1564 412 1618 et
443 1555 544 1618 nullibi
575 1562 657 1618 certa
688 1562 719 1619 et
741 1556 825 1620 lirma
847 1565 1020 1642 argumenta
1048 1558 1183 1625 falsitatis
1207 1581 1268 1626 nu·

137 1676 257 1722 morum
280 1660 395 1722 illorum
418 1660 531 1741 prolata
554 1666 631 1722 sunl.

227 1763 387 1828 Ecltlrelius
411 1770 565 1848 praeterea
589 1764 736 1847 duplicem
760 1766 879 1851 Traiani
909 1767 1130 1849 expeditionem
1154 1769 1268 1835 Arme-

136 1870 254 1933 niacam
284 1875 314 1931 el
342 1869 505 1932 Parthicam
536 1872 656 1951 negavit
690 1867 727 1952 [l.
759 1890 784 1933 c.
817 1891 844 1952 p.
876 1870 937 1936 451
970 1870 1072 1957 squ),
1105 1875 1174 1956 quia
1206 1897 1268 1955 ,ea

136 1974 323 2038 auctoribus
345 1983 374 2037 el
394 1976 600 2037 monumentis
622 1975 780 2037 celeribus
800 1978 897 2056 plone
921 1985 1063 2053 constet,
1098 1978 1267 2058 Trajanum

139 2083 173 2143 in
203 2080 369 2144 consulatu
404 2079 447 2142 Vl
474 2075 573 2162 (quod
605 2098 631 2141 a.
664 2076 723 2143 112
755 2101 783 2162 p.
812 2081 863 2143 Ch.
893 2077 1012 2164 coepit)
1043 2082 1077 2143 im
1110 2082 1268 2146 Orientem

131 2186 312 2268 profectam
339 2204 426 2258 esae3
455 2194 489 2247 ot
517 2186 603 2246 illum
622 2203 681 2263 per
704 2186 901 2247 consulatum
929 2184 955 2245 V
976 2183 1072 2268 (ergo
1096 2188 1180 2249 annis
1206 2185 1267 2253 106

139 2296 170 2352 el
196 2287 275 2374 tot)
298 2291 399 2354 liome
423 2288 572 2370 abfuisse,
597 2292 707 2353 nedum
730 2292 937 2372 lonqinquum,
960 2310 1056 2372 prone
1080 2311 1120 2354 ac
1140 2295 1267 2371 pericu·

137 2398 238 2458 losum
267 2398 300 2457 in
331 2403 446 2457 remoto
473 2394 601 2456 Oriente
631 2395 742 2457 bellum
765 2399 920 2476 pessime,
953 2397 1040 2460 nullo
1073 2397 1268 2462 indubitatae

134 2501 214 2581 fidei
237 2500 413 2564 testimonio
435 2506 537 2580 potest
557 2499 767 2578 comprobari.
813 2499 863 2562 An
883 2500 1043 2579 credibile,
1066 2502 1152 2564 istud
1169 2523 1265 2584 proe-

137 2606 262 2669 teritum
281 2607 381 2686 [uisse
405 2605 444 2666 alr
472 2604 653 2681 lliatoricie,
686 2611 716 2667 et
746 2605 786 2666 od
816 2606 926 2669 lterum
955 2605 1041 2667 nullo
1070 2605 1121 2666 cel
1147 2615 1267 2670 tenuem

134 2709 257 2789 [actam
278 2710 463 2772 mentionem
486 2708 559 2770 belli
580 2709 717 2771 Parthici
740 2710 892 2787 duplicia,
925 2728 992 2774 rum
1022 2718 1124 2771 lumen
1147 2713 1266 2790 duplex

137 2817 252 2880 trellum
260 2815 411 2879 Dacicum
428 2823 536 2893 aperte
552 2816 751 2901 distinpuant
762 2815 827 2879 Dio
843 2824 873 2877 el
885 2815 1101 2893 spartianum
1131 2817 1266 2880 Franclso

138 2928 170 2982 et
193 2919 326 2981 Ulrllrorn
349 2921 435 2981 etiam
460 2921 488 2983 in
513 2921 569 2983 hac
591 2938 625 2982 re
647 2920 773 3003 vestigia
797 2919 932 2982 Eclhelii
961 2928 1063 2982 secuta
1087 2929 1172 3000 sunt,
1204 2939 1265 2985 nott

137 3024 339 3099 attendentes,
363 3044 449 3087 unam
473 3034 586 3107 partem
611 3026 784 3089 assertionis
808 3025 844 3086 ab
869 3042 906 3086 eo
926 3027 1079 3106 probatam
1099 3044 1180 3102 esse,
1203 3043 1264 3089 non

137 3129 270 3192 alteram.
324 3128 522 3192 Concedimus
560 3129 716 3210 equidem,
754 3130 912 3212 Trajanum
950 3147 1029 3193 anno
1066 3127 1130 3194 867
1165 3130 1197 3192 U.
1232 3129 1263 3193 C.

140 3260 180 3292 =
208 3233 270 3299 114
292 3253 320 3316 p.
344 3236 395 3298 Ch.
419 3237 456 3298 ad
482 3237 587 3299 bellum
609 3236 772 3299 Parthicum
796 3235 963 3316 proiectum
986 3254 1072 3311 esse3
1097 3254 1150 3318 pro
1173 3235 1265 3298 altera

139 3346 236 3402 aulem
260 3341 433 3403 assertionis
456 3347 557 3422 parte,
587 3360 675 3403 unum
701 3347 811 3403 tantum
843 3342 935 3403 luisse
959 3340 1066 3402 bellum
1089 3340 1265 3419 Parthicum,

138 3446 299 3510 Eclthelius
322 3448 362 3510 nil
386 3448 442 3510 nisi
464 3453 637 3529 argumenta
661 3465 700 3508 ex
723 3447 851 3508 silentio
875 3445 996 3525 prolerl.

228 3551 366 3614 Ceterum
397 3570 456 3615 nun
488 3553 678 3636 negabimus,
709 3549 844 3612 Ecklrelii
876 3554 906 3610 et
934 3548 1058 3609 aliorum
1089 3548 1265 3626 senitentiam

139 3676 205 3721 cum
236 3658 311 3719 actis
339 3659 473 3739 martyrii
504 3658 532 3721 S.
562 3656 665 3736 ignatii
698 3672 789 3736 posse
821 3652 974 3734 componi,
1009 3653 1035 3713 si
1069 3652 1098 3715 in
1130 3651 1265 3715 secundo

138 3761 244 3825 horum
267 3763 364 3843 capite
386 3762 477 3824 verba
500 3749 614 3841 ἐνκάτῳ
639 3750 718 3834 ἔτει,
750 3776 875 3839 quorum
903 3758 1064 3819 auctoritas
1092 3756 1180 3818 dubia
1209 3763 1265 3836 est,

139 3884 206 3930 cum
230 3865 339 3930 Grabio
371 3872 401 3928 et
430 3867 494 3928 aliis
523 3874 679 3928 mutemus.
725 3864 817 3926 Vetus
847 3864 996 3942 interpres
1026 3861 1133 3923 latinus
1158 3861 1264 3924 habel:

138 3981 252 4055 quarto
282 3991 386 4045 enum
416 3969 541 4033 Grabius
572 3972 701 4053 conjecit
730 3964 853 4050 δεκάτῳ
881 3963 996 4049 ἐκνάτῳ
1024 3958 1102 4042 ἔτει,
1135 3967 1215 4049 qnod
1247 3985 1265 4030 a

139 4075 179 4143 26
187 4077 254 4139 Jan.
267 4073 328 4140 116
343 4077 441 4157 coepit
450 4096 458 4151 ;
479 4094 558 4137 anno
578 4072 637 4139 115
654 4075 817 4155 respondet
833 4060 1092 4152 ὀκτωκαιδεκάτῳ
1107 4063 1170 4133 ἔτει
1186 4059 1265 4155 (τὴ).

102 4204 108 4214 ·
226 4181 314 4262 Apud
343 4181 525 4244 Uhlhornnm
557 4179 594 4263 (1.
618 4199 643 4244 c.
666 4199 694 4261 p.
718 4175 819 4262 255),
849 4177 983 4241 Francke
1015 4176 1053 4260 (l.
1079 4195 1105 4238 c.
1128 4195 1155 4257 p.
1179 4172 1264 4258 261)

140 4293 168 4350 et
199 4286 374 4350 Eclstrelium
406 4284 443 4367 (l.
468 4304 492 4346 c.
517 4304 543 4365 p.
567 4282 651 4367 451)
682 4284 828 4366 legimus,
860 4283 1077 4347 tillemontium
1109 4287 1212 4363 postea
1247 4298 1264 4343 a

141 4393 288 4455 sententia
310 4408 364 4453 sua
387 4390 426 4452 de
456 4389 564 4470 duplici
593 4390 785 4472 expeditione
809 4388 941 4451 Parthica
967 4376 1133 4449 recessisse
1142 4406 1151 4461 3
1183 4383 1264 4465 quod

141 4514 157 4558 a
178 4497 306 4558 veritate
330 4494 540 4557 alienissimum
564 4499 617 4556 est.
661 4494 706 4557 Eo
723 4495 800 4556 enim
818 4494 882 4576 ipso
898 4493 976 4571 loco,
1000 4510 1088 4573 quem
1103 4490 1264 4553 Ecktrelins

124 4590 246 4681 laudet,
270 4601 474 4663 'tillemontius
497 4597 582 4681 (Not.
605 4598 686 4661 XXll
709 4606 739 4660 et
760 4598 842 4661 XXV
866 4600 894 4660 in
918 4598 1015 4679 Traj„
1047 4596 1177 4659 ilistuire
1209 4593 1263 4655 des

142 4722 323 4789 empereurs,
347 4704 380 4767 Τ.
395 4704 428 4767 ll.
444 4722 472 4785 p.
488 4703 561 4767 512.
584 4704 701 4766 Venise.
722 4701 825 4788 1732)
847 4705 1022 4766 sententiam
1041 4719 1124 4763 snam
1140 4698 1262 4774 repetit,

142 4817 169 4873 el
201 4810 239 4873 de
273 4810 413 4873 secundo
446 4810 553 4871 itinero
583 4808 702 4891 Traiani
733 4807 782 4893 (le
809 4805 922 4872 second
955 4802 1092 4889 voyage)
1123 4800 1263 4878 loquitur.

140 4914 170 4977 ln
193 4913 329 4979 Ecltlrelii
360 4915 451 4977 verba
480 4913 528 4975 iric
558 4919 672 4976 temere
698 4916 836 4997 jurarunt
863 4911 998 4976 Francke
1030 4918 1059 4973 et
1083 4901 1264 4969 Uhlhornus.
1366 4980 1373 4989 ,

141 5001 372 5112 inclinantem
402 5038 436 5083 re
464 5019 615 5102 posterior
644 5013 680 5083 ab
711 5020 847 5083 omnibus
879 5016 984 5080 dillert
1029 5013 1104 5077 Acta
1131 5009 1268 5089 martyrii

1117 5145 1342 5309 fl
