3067 6450
206 1190 287 1244 xvttl
645 1181 899 1237 PROLEGOMENA.
1137 1178 1333 1249 [Erisrounu

208 1351 366 1413 nescimus.
411 1347 500 1410 Liber
532 1344 724 1425 pontificalis,
756 1341 889 1423 Calalogi
917 1342 1115 1404 Romanorum
1149 1341 1332 1421 pontificum,

209 1453 237 1517 S.
253 1453 418 1515 Eucherius
435 1449 643 1529 Lugdunensis
668 1453 695 1508 et
721 1445 901 1506 Breviarinru
924 1445 1087 1507 Rornanum
1116 1466 1154 1506 ex
1177 1444 1333 1525 Recogni-

209 1558 337 1619 tionibus
362 1563 389 1618 et
407 1554 539 1617 Homiliis
556 1550 858 1632 pseudoclementinis
876 1550 1039 1612 fabulosam
1055 1552 1130 1610 illam
1152 1556 1334 1628 receperunt

208 1664 426 1737 narrationem,
450 1677 527 1739 quae
551 1657 692 1717 Clementi
715 1673 811 1735 genus
834 1653 946 1715 Romae
969 1655 1166 1730 senatorium,
1198 1661 1334 1733 patrem-

208 1782 268 1844 que
291 1766 460 1827 Faustinum
484 1763 638 1840 exstirpe
662 1759 822 1841 Caesarum
853 1759 991 1821 vindicat.
1038 1760 1118 1820 Talia
1151 1759 1334 1820 relutatione

209 1886 269 1932 non
293 1870 434 1951 indigent.

296 1973 499 2035 Tillemontius
523 1966 708 2052 (liemoires
724 1968 756 2029 ll.
774 1989 802 2050 p.
822 1965 902 2049 lto)
927 1987 964 2028 ex
981 1968 1073 2047 prima
1088 1967 1247 2031 Clementis
1264 1969 1334 2048 epi-

208 2077 292 2154 stola,
324 2096 387 2159 cap.
411 2074 439 2139 4.
471 2070 596 2158 [πατὴρ
625 2064 710 2157 ἡμῶν
739 2063 867 2154 Ἰακώβ)
902 2073 1040 2153 collegit,
1074 2075 1169 2134 virurn
1201 2079 1335 2135 nostrum

208 2182 403 2262 apostolicum
422 2200 461 2241 ex
476 2181 569 2259 stirpe
586 2179 723 2239 Jadoico
739 2196 808 2239 esse
825 2179 944 2238 editum.
983 2175 1039 2257 lpsi
1062 2180 1185 2256 primam
1207 2179 1335 2240 accessit

209 2285 401 2348 Constantius
425 2285 453 2346 in
479 2284 673 2345 celeberrima
695 2300 749 2343 sua
771 2283 902 2344 editione
919 2281 1118 2361 Epistolarum
1134 2281 1335 2344 Romanorum

208 2388 381 2470 pontificum
405 2389 438 2450 T.
454 2387 475 2450 l.
492 2407 519 2468 p.
540 2386 574 2449 ll
586 2408 595 2463 ;
619 2392 723 2467 postea
748 2386 882 2468 vero-(l.
900 2405 925 2448 e.
945 2405 973 2466 p.
990 2383 1052 2468 dt)
1077 2387 1121 2447 rir
1144 2387 1335 2449 doctissimus

210 2509 293 2553 suam
318 2493 439 2553 mutavit
461 2494 646 2554 sententiam.
692 2491 870 2554 tillemontii
901 2493 1077 2554 sententiam
1109 2492 1263 2571 amplexus
1288 2498 1335 2553 est

209 2594 307 2657 Herm.
332 2595 480 2673 Venena,
511 2603 542 2658 ut
572 2594 681 2657 exinde
711 2602 917 2676 argumentum
950 2596 1113 2658 deduceret
1137 2604 1241 2659 contra
1265 2597 1335 2676 epi-

209 2699 314 2762 stolem
337 2700 552 2780 posteriorem,
585 2701 671 2781 cnjus
700 2701 830 2780 scriptor
858 2701 974 2782 origine
998 2700 1144 2762 Gentilem
1174 2707 1277 2781 aperte
1300 2718 1335 2762 se

210 2803 318 2885 prodit.

298 2907 501 2969 Tillemontius
526 2906 636 2971 addere
659 2914 785 2989 poterat,
809 2908 989 2971 Clementem
1012 2926 1072 2972 non
1095 2906 1192 2970 solum
1213 2925 1276 2988 cap.
1293 2904 1334 2982 d,

210 3007 264 3072 scd
289 3018 318 3070 et
341 3030 366 3073 c.
390 3009 429 3074 31
455 3000 493 3095 (ὁ
516 3007 620 3097 πατὴρ
642 3001 728 3098 ἡμῶν
749 3007 909 3099 Ἁβραιὲιι)
932 3013 1129 3096 patriarcham
1153 3011 1335 3075 iudaeorum

206 3121 330 3193 patrem
353 3123 493 3178 nostrum
516 3119 676 3199 appellare.

295 3218 455 3284 Praeterea
473 3220 610 3285 Clemens
633 3240 659 3284 c.
675 3219 726 3285 55.
750 3219 788 3284 de
810 3240 912 3284 amore
935 3240 1008 3305 erga
1025 3221 1147 3303 patriam
1168 3219 1335 3303 disputans,

210 3325 355 3405 exemplis
376 3329 512 3405 peritiam
535 3328 673 3410 prolatis,
704 3326 741 3389 ad
770 3326 906 3407 exempla
935 3344 1038 3388 eorum
1063 3327 1215 3406 procedit,
1247 3345 1333 3407 quos,

210 3434 242 3490 ot
258 3429 336 3506 dicit,
361 3432 443 3492 inter
458 3450 517 3493 nos
534 3433 739 3513 cognovimns.
782 3432 895 3506 Quibus
912 3450 1002 3512 quum
1012 3432 1166 3509 judaicos
1183 3432 1333 3508 mulieres,

208 3529 309 3595 tudun
346 3540 376 3595 et
406 3534 529 3614 Esther,
565 3537 738 3600 adscribere
770 3537 921 3615 rideatur,
956 3538 1020 3617 ipse
1051 3536 1081 3596 in
1112 3543 1194 3598 ortus
1223 3535 1333 3617 judaici

210 3638 411 3717 suspicionem
435 3639 567 3700 incurrit.

298 3738 357 3800 Sed
382 3757 442 3802 non
466 3742 552 3803 valde
575 3744 679 3824 gravia
702 3743 777 3804 haee
799 3751 868 3806 sunt
897 3750 1080 3825 argumenta.
1125 3743 1232 3805 Notum
1256 3744 1334 3803 enim

209 3849 273 3921 est,
307 3850 337 3905 et
360 3841 434 3905 alios
457 3850 571 3925 patres,
603 3864 679 3926 quos
704 3848 883 3928 egentibus
908 3856 991 3911 ortos
1015 3867 1084 3910 esse
1115 3867 1205 3911 nemo
1229 3848 1333 3925 nescit,

203 3946 303 4028 justas
327 3950 439 4009 veteris
462 3949 643 4013 Testamenti
667 3968 813 4032 personas
843 3953 925 4015 suis
955 3952 1128 4015 adscribere
1162 3953 1332 4033 maioribus.

205 4048 243 4115 Ε.
266 4069 296 4133 g.
320 4050 502 4132 Theophilus
534 4053 581 4115 lib.
604 4053 649 4116 lll.
673 4054 709 4116 ad
734 4055 833 4117 hutol.
864 4076 890 4118 n.
919 4054 970 4120 rt.
1001 4058 1119 4118 scribit:
1154 4046 1334 4139 ‘stptpoa‘pd

204 4145 408 4242 πατριάρχης
423 4145 529 4240 ἡμῶν,
560 4178 587 4221 n.
608 4159 666 4222 et:
690 4151 834 4246 Ἀβραάμ
856 4160 914 4223 τοῦ
936 4149 1149 4245 προπάτορος
1174 4150 1274 4244 ἡμῶν,
1306 4168 1335 4222 et

204 4275 238 4325 n.
261 4259 321 4326 tlt:
348 4255 454 4337 Δαβὶδ
476 4256 496 4324 o‘
516 4251 675 4348 πρόγονος
698 4259 789 4348 ἡμῶν.
835 4266 921 4327 Plora
952 4266 1008 4327 alia
1038 4265 1174 4347 exempla
1202 4264 1333 4327 videsis

202 4364 289 4450 apud
311 4364 461 4441 Semisch,
486 4366 599 4430 Jurtin.
624 4370 680 4430 der
705 4369 795 4431 Mart.
820 4370 852 4431 Τ.
873 4369 894 4432 l.
918 4388 945 4450 p.
969 4367 1038 4431 121.

300 4468 387 4541 Quod
411 4477 508 4533 autern
532 4481 693 4535 memorata
716 4474 819 4556 capitis
843 4472 884 4536 55
909 4474 1045 4554 exempla
1069 4473 1179 4548 attinet,
1204 4488 1334 4534 monen-

199 4569 279 4639 dum
303 4580 477 4655 praeterea,
500 4575 680 4639 Clementem
704 4578 834 4641 tortasse
859 4579 982 4658 primum
1006 4577 1206 4658 egentibus,
1234 4581 1294 4637 lum
1318 4593 1335 4636 e

199 4671 394 4755 Christianis,
417 4677 547 4759 denique
570 4679 725 4744 eludaets
749 4681 885 4763 exempla
901 4682 1010 4742 amoris
1025 4682 1138 4759 patriae
1162 4678 1335 4760 protulisse.

298 4781 490 4862 Clementem,
504 4785 717 4866 Apostolorum
733 4786 918 4867 discipulum,
935 4802 951 4845 a
965 4784 1116 4845 Clemente
1129 4782 1334 4845 Alexandrino

196 4881 357 4964 Apostoli
374 4889 494 4950 nomine
510 4890 680 4972 insignitum
699 4887 736 4972 ¹),
753 4890 912 4951 Romanae
928 4888 1079 4950 eeclesiae
1093 4888 1194 4966 samse
1207 4886 1333 4965 episeo-

245 5004 274 5071 1)
294 5008 385 5060 strom.
406 5006 449 5072 tt,
469 5024 490 5060 e.
512 5008 551 5060 17.
571 5025 596 5076 p.
616 5007 667 5061 ebe
687 5007 812 5061 sarem.
