3067 6450
300 1191 438 1247 nutam
455 1190 591 1248 PASTOR.
626 1191 724 1246 trouu
741 1191 784 1246 lll.
818 1190 942 1245 stultit.
962 1191 1014 1246 tlt.
1033 1190 1097 1247 vm.
1197 1197 1262 1262 399

135 1354 268 1419 tradidit.
314 1353 391 1430 Quin
423 1357 523 1438 potins
558 1357 671 1441 gratias
705 1374 778 1440 agas
811 1355 956 1434 Domino,
995 1356 1076 1436 quod
1107 1358 1262 1439 praescius

135 1460 228 1525 iuturi
259 1461 380 1545 dignum
413 1468 442 1525 te
470 1462 588 1540 babuit,
619 1463 668 1525 oui
695 1459 883 1544 praediceret
912 1461 1130 1527 tribulationem
1151 1463 1263 1526 instare

134 1566 304 1630 valentibus
330 1585 395 1630 earn
418 1567 603 1631 sustinere.“
649 1567 724 1630 Dico
749 1569 794 1629 ei:
827 1572 885 1646 „et
906 1575 954 1646 tu,
986 1568 1124 1646 domine,
1148 1585 1263 1642 mecum

135 1676 220 1750 esto,
252 1678 284 1734 et
306 1669 392 1733 facile
416 1690 533 1735 omnam
557 1672 747 1734 vexationem
775 1671 958 1735 sustinebo.“
1007 1673 1129 1757 „Ego‚“
1159 1673 1264 1753 inquit,

135 1792 190 1837 cro
214 1781 330 1853 tecum,
363 1775 418 1839 sed
441 1784 472 1840 et
494 1778 610 1860 rogabo
633 1777 767 1839 nuntium
794 1776 892 1855 illum,
922 1777 973 1858 qui
999 1777 1186 1859 praepositus
1217 1783 1264 1840 est

134 1898 272 1962 poenae,
294 1888 326 1944 ut
348 1881 445 1944 levius
469 1888 498 1945 tc
521 1881 634 1965 affligat
642 1902 651 1957 ;
681 1880 737 1944 sed
759 1886 791 1944 et
815 1878 823 1917 ¹
842 1880 955 1964 exigno
984 1888 1118 1962 tempore
1141 1882 1263 1963 patieris

135 1985 276 2064 adversa,
300 1985 467 2068 iterumque
483 1993 534 2048 tuo
551 1986 619 2050 loco
636 1985 813 2063 restitueris,
838 1984 1040 2049 tantummodo
1056 1985 1085 2047 in
1100 1971 1263 2048 bumilitate

135 2091 226 2154 animi
249 2109 422 2172 persevera.
467 2093 542 2156 Pare
565 2092 692 2156 Domino
717 2096 818 2154 mente
841 2108 934 2171 pura,
967 2088 1133 2170 domusque
1156 2098 1205 2152 tua
1228 2108 1264 2153 ac

134 2197 196 2259 nati
203 2217 214 2273 ;
237 2202 268 2259 ct
291 2197 320 2259 in
344 2196 487 2260 mandatis
510 2197 575 2280 ejus
596 2195 723 2274 ambula,
746 2213 825 2276 quae
842 2194 996 2276 praecepit
1011 2194 1062 2258 tibi
1070 2215 1080 2271 ;
1103 2201 1134 2258 et
1152 2196 1263 2277 poeni-.

135 2301 230 2365 tentia
252 2307 302 2364 tua
325 2301 435 2383 poterit
458 2319 527 2364 esse
549 2300 632 2363 firma
655 2305 744 2381 atque
766 2317 850 2381 pura.
893 2297 930 2361 Et
952 2300 977 2362 si
993 2299 1068 2361 baec
1084 2299 1262 2363 custodieris

103 2405 109 2429 ⁸
136 2424 204 2469 cum
229 2405 319 2468 domo
343 2411 408 2484 tua,
431 2405 617 2469 incommoda
639 2423 656 2468 a
679 2410 709 2467 te
732 2404 891 2482 recedent3
921 2404 975 2467 sed
1003 2410 1033 2467 et
1054 2406 1091 2466 ab
1116 2405 1262 2483 omnibus,

135 2512 317 2592 quicumque
339 2511 369 2573 in
386 2511 432 2574 bis
448 2511 590 2574 mandatis
607 2509 832 2587 ambulaverint,
855 2509 951 2572 omnis
967 2509 1089 2574 vexatio
1109 2509 1261 2574 recedet“

556 2717 731 2824 sinleum
765 2716 845 2799 uin.

134 2895 316 2959 Electorom
328 2903 358 2957 ct
368 2893 593 2973 poenitentium
603 2902 806 2973 peccatorum
816 2895 914 2958 mulla
924 2900 998 2958 mut
1007 2912 1141 2974 qenero3
1157 2914 1263 2959 omncs

170 3008 275 3064 autem
294 3018 356 3079 pro
376 3000 591 3078 poenitentioe
614 3005 644 3061 ct
666 2998 819 3063 bonorum
841 3019 969 3079 operum
990 3018 1116 3061 suorum
1138 3000 1232 3063 modo

524 3103 681 3167 lababunt
702 3106 878 3168 mercedem.

226 3244 248 3307 l.
287 3243 425 3307 Ostendit
446 3243 514 3305 mibi
538 3240 683 3307 ²satteen
700 3252 851 3328 tegentem
867 3263 989 3330 campos
1004 3263 1040 3308 ac
1055 3251 1181 3324 montes,
1204 3245 1259 3308 sub

138 3350 227 3432 cujus
251 3350 383 3412 umbram
405 3354 554 3411 venerunt
576 3366 689 3429 omnes,
712 3352 762 3432 qui
786 3352 886 3415 vocati
906 3358 992 3414 erant
1011 3352 1180 3431 innomine
1194 3350 1261 3413 Do·

139 3454 219 3517 mini.
264 3453 301 3516 Et
329 3455 413 3536 juxta
448 3453 569 3517 salicem
602 3455 679 3517 illam
713 3456 809 3518 stabat
843 3453 991 3518 ³nuntius
1023 3456 1139 3520 Domini
1174 3454 1262 3519 ualde

139 3557 314 3639 praeclarus
345 3565 375 3620 et
405 3557 556 3635 sublimium
588 3564 618 3621 et
650 3561 772 3623 secabat
805 3579 871 3623 cum
902 3559 978 3623 lalce
1008 3579 1114 3644 magna
1145 3561 1181 3623 ab
1212 3559 1261 3622 illa

140 3659 262 3725 ⁴salica
283 3679 399 3741 ramos,
424 3669 454 3724 et
478 3663 588 3744 populo
611 3662 661 3742 illi,
684 3666 733 3745 qui
758 3673 823 3728 erat
844 3666 899 3727 sub
924 3665 1025 3727 umbra
1052 3664 1150 3726 salicis
1173 3663 1260 3743 illius,

141 3768 268 3848 exiguas
291 3773 320 3828 et
343 3766 428 3847 quasi
451 3767 594 3830 cubitales
614 3768 714 3852 virgas
733 3767 946 3860 ⁶porrigebat·
983 3770 1142 3850 Postquam
1163 3776 1261 3831 autem

139 3871 329 3951 accepissent
351 3872 493 3953 universi,
517 3871 654 3953 deposuit
676 3872 793 3951 falcem,
816 3882 847 3936 et
869 3876 959 3938 arbor
979 3874 1028 3936 illa
1050 3875 1166 3957 integra
1186 3891 1261 3955 per-

140 3975 256 4053 mansit,
279 3977 355 4038 sicut
377 3982 463 4039 antea
487 3976 618 4038 videram
641 3980 724 4055 eain3
748 3997 836 4059 quam
859 3997 918 4060 ego
933 3998 997 4040 rem
1012 3979 1149 4057 mirabar,
1172 3985 1262 4059 atquc

139 4080 217 4142 intra
247 4099 294 4143 me
325 4079 516 4162 disputabam.
561 4081 612 4143 Ait
632 4081 669 4144 ad
693 4102 740 4146 me
763 4088 865 4165 pastor
888 4081 953 4146 ille:
988 4080 1121 4159 „desine
1152 4083 1261 4162 mirari,

140 4183 221 4264 quod
251 4184 342 4247 arbor
370 4185 417 4246 illa
448 4189 492 4248 tot
521 4186 609 4249 ramis
639 4188 782 4269 praecisis
813 4186 1010 4267 permanserit
1041 4185 1174 4271 integrm
1208 4186 1263 4250 sed

140 4294 293 4369 exspecta.
337 4287 423 4351 Nunc
456 4287 706 4354 demonstrabitur
739 4290 808 4369 tibi,
843 4288 914 4369 quid
951 4288 1097 4372 significet
1134 4291 1262 4376 angelus

175 4511 205 4576 1)
223 4509 289 4563 llinc
314 4511 411 4583 colligit
434 4517 572 4581 blomans,
600 4513 686 4583 primia
749 4514 780 4581 4)
799 4512 826 4565 ln
840 4510 1085 4580 lincolnscire,
1098 4516 1131 4565 45
1146 4512 1262 4567 similiter

139 4597 234 4649 reculis
257 4613 307 4650 non
334 4599 473 4653 diuturnam
497 4600 576 4652 luisse
593 4600 686 4667 poeni·
711 4600 1096 4670 palmaepopuloporriquntur.
1115 4598 1259 4654 (Μαιλ-

139 4686 255 4735 tentiam.
287 4683 511 4756 Clr.1ma'9‚l.c.
531 4701 556 4754 p.
577 4684 635 4737 173.
712 4703 808 4751 mann,
832 4686 848 4736 l.
869 4703 892 4739 c
915 4703 942 4753 p.
962 4688 995 4739 65
1020 4695 1046 4737 at
1068 4701 1145 4754 snpra
1168 4684 1221 4738 bib.
1239 4682 1272 4735 1..

174 4770 204 4835 2)
224 4770 293 4822 Salia
307 4771 371 4823 baec
383 4788 475 4841 magna
493 4794 527 4824 =
544 4772 586 4825 lex
598 4771 687 4824 Eran—
715 4772 767 4824 vis.
786 4772 807 4837 1,
826 4774 851 4824 3.
871 4790 896 4841 p.
914 4773 975 4825 325.
993 4780 1045 4823 not
1065 4773 1090 4822 4.

139 4856 217 4926 getii,
235 4858 291 4910 orbi
309 4862 461 4913 annuntiata.
749 4859 778 4923 5)
794 4858 813 4911 Ι.
824 4874 848 4911 e.
860 4860 995 4927 unicnique
1003 4856 1169 4925 Evangelinrn
1180 4872 1260 4924 praa·

174 4941 205 5011 3)
231 4944 273 4996 Se.
298 4944 465 5015 archangelus
493 4943 616 5009 bllcbaal,
647 4946 688 4996 cni
715 4944 824 4998 dicatum
843 4953 890 4998 eat.

140 5028 276 5083 Christiani
293 5031 379 5086 traditi
395 5041 461 5087 runt.
488 5030 539 5085 Cir.
551 5030 615 5085 inira
627 5046 651 5085 c.
662 5031 687 5085 8.
