3067 6450
378 1213 742 1272 tuttnrttssrtstouttnn
761 1213 1135 1272 surannaos.1tt.tt.v.
1186 1166 1188 1170 ἱ
1254 1218 1318 1288 225

190 1381 274 1456 dete,
291 1379 377 1459 quod
391 1398 456 1442 non
471 1379 531 1441 eim
547 1378 741 1441 daemonium
757 1379 968 1460 incorporale.
999 1380 1035 1443 Et
1051 1378 1209 1444 confestim
1225 1383 1321 1463 ipsum

189 1486 358 1566 tetigerunt
369 1489 399 1544 et
411 1483 613 1561 crediderunt,
633 1480 803 1546 'commixti
819 1503 909 1548 carne
925 1487 991 1568 ejus
1007 1490 1037 1547 et
1048 1487 1162 1566 spiritu.
1196 1486 1322 1568 Propter

190 1587 251 1651 boc
273 1589 360 1651 etiam
385 1593 510 1651 mortem
535 1595 768 1667 contemserunt,
792 1596 822 1652 et
845 1590 948 1652 mortis
967 1595 1036 1651 sunt
1051 1590 1164 1652 inventi
1180 1589 1321 1653 victores.

191 1691 289 1756 ‘Post
311 1695 565 1755 resurrectionem
588 1698 685 1755 autem
709 1710 775 1755 cum
799 1692 856 1754 iltis
880 1690 1009 1754 comedit
1031 1699 1062 1756 ct
1083 1693 1173 1775 bibit,
1195 1702 1227 1758 ut
1250 1712 1322 1758 car·

191 1798 279 1877 natis,
304 1799 440 1880 quamvis
463 1797 654 1880 spiritualiter
677 1798 777 1861 unitus
799 1802 880 1860 esset
903 1796 990 1860 Patri.

192 1993 242 2056 tv.
282 1990 397 2054 Cavete
412 1988 503 2054 nobis
519 1989 560 2053 ob
574 1990 744 2053 baeretici:
760 1989 839 2052 istis.
872 1989 943 2051 Nisi
962 1989 1108 2052 cti-teras
1122 2009 1194 2053 aare
1205 2010 1325 2070 paeana

557 2104 649 2172 canet,
673 2113 730 2157 neo
752 2114 808 2175 epo
827 2103 964 2176 paterer.

251 2234 257 2244 ⁸
283 2219 328 2283 De
352 2219 517 2281 bisantem
541 2215 689 2281 admoneo
713 2235 780 2296 vos,
802 2217 986 2296 charissimi,
1009 2217 1144 2299 quamvis
1167 2236 1222 2282 vos
1246 2217 1323 2282 idem

195 2326 309 2389 sentire
326 2326 425 2387 sciam.
464 2321 524 2387 Sed
541 2324 714 2404 praemunio
731 2340 786 2385 vos
809 2329 912 2386 contra
935 2319 1050 2401 ³leras,
1073 2322 1197 2387 humana
1222 2326 1324 2406 specie

194 2430 330 2508 indutas,
360 2446 434 2510 quaa
465 2445 525 2490 non
556 2428 652 2491 solum
684 2432 803 2509 oportet
831 2446 885 2491 vos
915 2447 975 2491 non
1006 2416 1163 2509 recipere,
1194 2429 1267 2509 sed,
1298 2430 1324 2492 si

196 2535 340 2618 possibile
365 2541 419 2613 est,
442 2552 541 2615 neque
566 2534 682 2597 obviam
706 2533 750 2595 eis
774 2531 849 2611 lieri,
871 2532 968 2596 solum
989 2550 1062 2595 vero
1083 2536 1202 2615 praeis
1225 2554 1324 2614 orara,

197 2658 269 2702 num
292 2639 417 2719 aliquam
441 2639 652 2720 poenitentiam
682 2645 789 2720 agant,
820 2639 899 2720 quod
931 2637 1087 2701 admodum
1119 2639 1240 2704 difficile
1269 2649 1324 2705 est

198 2744 294 2826 liujus
317 2751 413 2806 autem
438 2749 613 2825 potestatem
638 2742 726 2805 babet
748 2742 838 2806 Jesus
862 2744 1007 2825 Christus,
1030 2744 1080 2826 qui
1103 2763 1175 2807 vera
1198 2751 1243 2806 ost
1267 2748 1326 2808 vita

198 2854 310 2912 nostra.
356 2845 415 2911 ⁴Si
449 2854 546 2910 autem
580 2845 678 2910 ⁵tttud
709 2848 747 2910 ad
778 2851 979 2931 apparentiam
1008 2856 1119 2913 tanturn
1149 2866 1166 2911 a
1198 2850 1326 2914 Domino

198 2960 307 3016 nostro
331 2957 482 3033 peractum
505 2958 561 3031 est,
584 2959 614 3014 et
637 2971 697 3035 ego
719 2953 756 3014 ad
773 2955 973 3034 apparentiam
991 2959 1100 3017 tantum
1119 2956 1237 3017 vinctus
1252 2973 1326 3017 sum.

200 3058 263 3121 Cur
286 3076 360 3119 vcro
385 3064 415 3119 et
437 3052 610 3139 ⁶meipsum
632 3057 737 3120 tradidi
768 3058 887 3134 morti,
903 3059 940 3120 ad
972 3059 1090 3139 ignem,
1119 3058 1157 3120 ad
1186 3058 1326 3142 gladium,

200 3162 239 3226 ad
264 3163 399 3226 bestias?
443 3155 586 3241 ²Verum,
609 3163 660 3244 qui
683 3178 779 3244 prope
801 3160 940 3244 gladium,
963 3180 1057 3244 propa
1080 3162 1174 3225 Deum
1198 3169 1254 3243 est,
1277 3164 1328 3244 qui

201 3287 269 3332 curn
293 3268 404 3347 bestiis,
429 3286 494 3330 curn
511 3268 576 3330 lieo
600 3275 664 3343 eat;
687 3267 847 3330 dummodo
871 3267 960 3329 sitin
985 3268 1105 3331 nomina
1119 3267 1194 3331 lesu
1210 3268 1326 3332 Christi

201 3369 270 3437 ⁸Ut
291 3372 377 3435 simul
400 3392 466 3435 cunr
488 3373 538 3436 ilto
563 3374 683 3454 patiar,
698 3374 796 3437 omnia
818 3373 971 3452 sustineo,
992 3373 1059 3455 ipso
1083 3373 1246 3437 roborante
1269 3391 1327 3452 me,

202 3478 255 3559 qui
279 3476 431 3561 perlectus
453 3479 543 3542 bomo
566 3476 661 3541 iactus
684 3485 738 3541 est.

455 3671 488 3733 V.
534 3670 708 3732 Periculum
733 3669 855 3731 erroris
877 3670 1077 3733 Docetoraenr.

293 3791 366 3855 llum
398 3794 478 3857 stulti
508 3791 625 3874 quidam
655 3792 823 3875 abnegant,
853 3792 951 3872 potius
980 3796 1078 3854 autern
1109 3790 1145 3853 ab
1177 3809 1215 3854 eo
1243 3786 1330 3854 ⁹ab-

205 3905 371 3980 negantur,
405 3899 524 3981 patroni
555 3899 658 3961 mortis
689 3899 801 3980 magis,
835 3915 921 3978 quam
950 3895 1100 3972 veritatis;
1134 3896 1239 3977 quibus
1273 3913 1330 3959 nec

205 4002 382 4083 prophetiae
410 4019 607 4084 persuasere,
637 4019 694 4063 nec
717 4000 810 4064 llosis
832 4001 900 4079 lex,
932 3999 986 4063 sed
1009 4018 1066 4064 nec
1099 3993 1123 4037 ¹⁰
1135 3999 1330 4083 Evangeliunr

204 4106 236 4168 in
275 4106 355 4170 bunc
392 4124 488 4187 usqua
525 4105 619 4187 diem,
657 4125 756 4188 nequa
792 4110 914 4169 nostrae
948 4106 1133 4189 singulorum
1165 4105 1332 4187 passiones.

205 4273 326 4335 Editonar
350 4291 439 4330 omnen
465 4285 524 4347 port
547 4276 663 4330 voratum
689 4293 754 4330 con·
818 4268 948 4344 li'Eyydr
967 4303 998 4315 -
1016 4272 1107 4342 μεταξῠ
1126 4275 1190 4327 θεοῦ
1216 4292 1248 4328 οι
1265 4290 1331 4345 apo·

203 4361 325 4429 iecerunt
342 4368 499 4432 κρατηθέντες
516 4384 550 4416 =
571 4368 691 4420 convicti.
783 4362 879 4431 crypba
898 4365 1027 4416 vectem
1045 4365 1120 4417 Petri
1139 4371 1221 4415 rnmta
1240 4361 1331 4415 vidan-

243 4467 274 4529 2)
292 4466 344 4520 en.
363 4470 420 4520 nce.
440 4468 484 4532 ro,
503 4467 543 4520 tt.
783 4458 831 4501 ων·
868 4451 1036 4519 vestirier.
1055 4448 1072 4500 ¹·
1091 4465 1113 4501 ο·
1134 4466 1160 4518 n·
1181 4447 1240 4501 ¹⁰²·
1292 4457 1302 4468 '

245 4569 274 4635 3)
294 4568 345 4623 cst,
365 4569 446 4642 lgm
466 4573 498 4625 ,d
517 4570 613 4639 Eppm·
633 4588 655 4624 ο.
673 4571 699 4622 7·
819 4535 848 4603 8)
867 4533 918 4588 cn.
936 4534 1009 4587 llorn.
1029 4534 1055 4601 8,
1075 4536 1116 4588 17.

243 4674 273 4740 ⁴)
292 4672 363 4727 linae
381 4675 466 4730 laudat
482 4678 635 4732 Paradene.
652 4672 718 4726 Dial.
736 4672 755 4726 i.

206 4760 225 4813 l.
246 4777 270 4813 c·
287 4779 312 4830 p.
332 4762 374 4815 50·
785 4795 979 4861 ἒπσσκοπημίνῳ.
1006 4800 1099 4847 Plan.

244 4865 274 4930 ⁵)
293 4864 334 4919 ⁸⁰·
352 4860 385 4916 ⁷¹3
402 4870 500 4917 “⁶95²
805 4882 850 4952 to)
870 4883 924 4935 lton
943 4882 1064 4948 scripturn
1090 4877 1264 4948 cramalium,
1288 4876 1335 4931 aad

244 4969 274 5033 6)
293 4969 311 5022 l.
326 4985 351 5040 q.
369 4966 488 5032 ἒμσυτὸν,
506 4980 632 5039 urrnepc.
661 4967 713 5021 cn.
727 4970 759 5021 ad
786 4968 936 5037 evangelica
971 4968 1128 5036 praedicatio
1158 4966 1190 5018 da
1225 4965 1278 5018 rita
1309 4973 1337 5019 at

207 5055 760 5129 Tull.a3.p.180not.2atp.189nobd.
786 5055 859 5109 inette
877 5052 979 5108 Christi.
1014 5056 1167 5124 Nema,
1186 5052 1204 5106 l.
1223 5067 1247 5105 c.
1265 5066 1292 5121 p.
1309 5051 1335 5104 8.

262 5161 328 5203 rm
341 5167 406 5213 mr.
422 5161 455 5203 aa.
471 5161 506 5203 ra.
1087 5141 1127 5209 15

785 4708 817 4761 ad
835 4707 923 4776 l’olyc.
947 4708 1024 4761 lnrcr.
1050 4705 1174 4774 ἓπισκὸπῳ
1191 4735 1226 4749 -
1242 4706 1335 4771 μᾶλλον

819 4620 849 4688 9)
874 4620 945 4674 llaec
965 4621 1156 4690 apanortlrosir,
1181 4628 1209 4673 at
1233 4620 1259 4671 ia
1283 4616 1332 4687 Ep.
1423 4609 1425 4613 ’
