3067 6450
470 1169 501 1225 ll.
522 1169 705 1225 annuatis
723 1169 769 1224 ltu
789 1169 863 1225 cort.
882 1170 934 1225 m

332 1421 394 1486 ΧΗ.
439 1421 664 1501 Esspectcmoa
687 1421 829 1501 quotidie
852 1442 978 1505 raparum
1002 1424 1070 1490 Dei.

223 1544 319 1630 igitur
350 1547 381 1609 in
408 1545 499 1609 horas
528 1563 655 1629 regnum
679 1544 734 1607 Dei
766 1553 977 1628 exspectemus
1007 1547 1036 1609 io
1064 1548 1206 1612 charitate
1236 1554 1266 1610 et

131 1652 264 1736 justitia,
295 1649 535 1733 quandoquidem
568 1649 716 1713 nescimus
746 1648 824 1711 diem
854 1650 1000 1713 adventus
1027 1650 1091 1713 Ilei.
1142 1651 1265 1715 ¹lnter·
1366 1674 1371 1683 ·

135 1762 262 1839 rogatus
286 1755 363 1818 enim
386 1773 403 1819 a
427 1754 554 1836 quodam
577 1755 642 1836 ipsa
664 1754 827 1834 Dominus,
861 1756 980 1837 quando
1003 1763 1159 1820 venturum
1183 1765 1265 1822 esset

134 1881 264 1945 reguum
288 1862 395 1944 ipsius,
419 1862 508 1924 dixit:
543 1881 611 1923 cum
634 1861 697 1923 duo
722 1869 812 1922 erant
834 1880 945 1938 unum,
970 1869 1000 1923 et
1023 1862 1107 1940 quod
1124 1864 1209 1942 [oria
1230 1871 1266 1926 at
1313 1858 1316 1863 ’

134 1968 187 2044 id,
210 1967 415 2047 attollimus,
441 1976 470 2028 et
492 1967 660 2029 masculum
682 1984 751 2027 com
772 1964 909 2043 semina,
938 1985 1035 2046 neque
1057 1986 1143 2043 mua,
1168 1986 1265 2048 oeque

132 2072 263 2153 femiam
307 2071 379 2134 Duo
409 2078 506 2135 autem
536 2077 606 2134 sunt
635 2088 749 2146 onum,
784 2069 903 2151 quando
934 2065 1037 2132 ²alter
1069 2070 1105 2133 ad
1139 2071 1265 2133 alterum

134 2177 297 2257 loquemur
319 2176 483 2254 veritatem,
507 2183 536 2238 et
559 2177 588 2236 in
613 2176 729 2238 duobus
753 2175 931 2256 corporibus
955 2175 1073 2238 sincere
1099 2183 1129 2238 et
1152 2176 1264 2253 absquo

135 2278 326 2342 simulatione
349 2278 437 2341 luerit
457 2297 515 2341 una
535 2279 639 2341 anima.
681 2278 722 2340 Et
738 2280 823 2358 quod
837 2278 922 2357 foria
939 2287 995 2357 eat,
1020 2290 1054 2342 ut
1068 2281 1152 2361 qood
1167 2282 1263 2358 intus,

134 2384 195 2447 hoc
218 2384 273 2445 ait:
304 2384 428 2447 animam
456 2390 561 2462 vocat,
592 2384 678 2466 quod
706 2384 810 2458 intus;
840 2389 870 2445 et
898 2402 1026 2467 corpus,
1058 2386 1143 2467 quod
1168 2384 1263 2463 soris.

136 2486 296 2565 Quomodo
318 2489 407 2572 igitur
430 2506 540 2571 corpus
563 2494 644 2553 tuum
667 2489 862 2571 conspicuum
885 2494 948 2567 est,
978 2489 1017 2553 ita
1044 2497 1074 2552 et
1096 2491 1190 2553 anima
1213 2496 1262 2553 tua

137 2592 321 2656 ³manilesta
350 2595 388 2656 sit
417 2594 446 2656 in
476 2593 563 2656 bonis
587 2593 739 2677 operibus.
783 2592 825 2655 Et
848 2595 1015 2657 masculam
1043 2614 1110 2658 cum
1131 2595 1262 2674 semino,

136 2719 237 2781 mque
258 2718 326 2761 ma,
348 2717 446 2782 'W‘
466 2698 596 2777 semina,
620 2698 679 2762 hoc
701 2696 1164 2738 constantiarum*

134 2907 301 2979 grammatica
319 2904 507 2979 minor§.302.
520 2923 545 2961 n,
558 2906 583 2958 7.
597 2926 621 2978 p.
635 2907 685 2961 399
712 2916 770 2961 aunt
797 2924 829 2960 ex
856 2910 935 2962 Clam.
964 2910 1040 2961 Alex.
1066 2906 1082 2959 Ι.
1102 2923 1138 2971 c,
1167 2907 1207 2957 cui
1234 2900 1264 2955 ro*

137 2997 177 3049 ed.
197 2994 242 3047 tlt.
711 2990 782 3061 ἔρσεν
811 2998 896 3060 iram,
932 2991 961 3041 τὸ
998 2994 1058 3056 35va
1095 2995 1264 3061 cupiditatem

170 3084 201 3152 3)
220 3081 267 3134 lla.
285 3078 360 3145 illice
712 3081 844 3151 significet.

169 3171 200 3241 l)
220 3168 328 3239 Reliqua
346 3168 453 3235 darunt,
471 3166 525 3240 :aad
544 3169 686 3239 supplenda
