3067 6450
199 1189 268 1246 mr
635 1176 891 1233 cabannensis.
1134 1170 1329 1244 memnonis

200 1350 289 1415 moda
311 1346 383 1413 illud
407 1352 491 1424 erut,
523 1342 604 1426 quod
626 1346 715 1403 sexto
739 1338 875 1401 milliario
897 1354 1003 1418 aquam
1026 1333 1161 1399 humeris
1184 1337 1255 1401 suis
1279 1335 1330 1400 de·

201 1463 324 1538 portare
356 1451 509 1516 deberent
563 1444 700 1509 Pontifex
730 1449 828 1508 autem
860 1461 964 1505 eorum
998 1442 1196 1505 miseratione
1230 1449 1331 1520 tactus,

202 1578 269 1623 cum
292 1556 363 1640 agni
386 1553 539 1637 qu'usdam
563 1551 664 1630 ductu,
686 1549 737 1613 ubi
761 1547 828 1611 lons
853 1554 944 1627 esset,
968 1546 1176 1631 cognovisset,
1202 1565 1283 1626 eam,
1305 1554 1332 1609 ot

203 1661 381 1739 elloderent,
405 1657 580 1722 Christianis
603 1652 741 1718 ostendit
780 1651 893 1726 ouibus
913 1652 1111 1732 nequicquam
1125 1649 1331 1714 laborantibus

203 1769 233 1834 S.
251 1768 389 1830 Clemens
413 1763 478 1846 ipse
501 1780 569 1824 eum
590 1760 688 1823 locum
709 1757 771 1821 levi
787 1757 845 1819 ictu
861 1757 1019 1836 percussit,
1042 1761 1073 1818 et
1089 1753 1158 1818 loos
1175 1755 1260 1819 illico
1277 1774 1331 1818 ex-

204 1873 281 1935 siliit.
313 1869 360 1933 Ad
376 1867 509 1932 miraculi
526 1866 614 1946 bujus
630 1863 735 1926 lamam
752 1867 812 1925 tota
824 1863 979 1943 prouincia
992 1866 1181 1939 accurrente,
1195 1863 1332 1924 cunctis-

204 1995 263 2058 que
287 1973 323 2037 ad
346 1973 434 2038 fidem
458 1969 600 2035 traductis
624 1975 654 2030 et
677 1968 843 2051 baptizatis,
866 1969 942 2031 intra
965 1969 1034 2032 anni
1056 1967 1183 2047 spatium
1206 1973 1332 2048 septua-

203 2079 286 2161 ginta
303 2077 452 2140 ecclesiae
467 2078 668 2149 constructae,
685 2070 764 2134 idola
781 2073 879 2136 omnia
895 2072 1058 2151 confracta,
1074 2070 1183 2152 templa
1198 2072 1331 2135 circum-

201 2183 331 2266 jacentis
347 2180 483 2263 regionis
499 2177 605 2256 diruta,
629 2194 795 2258 omnesque
811 2179 868 2240 luci
885 2177 1032 2259 usquead
1049 2181 1183 2239 trecenta
1200 2176 1332 2239 milliaris

205 2288 234 2350 in
259 2286 386 2349 circuitu
408 2283 521 2346 concisi
544 2281 638 2344 luere.
684 2282 829 2364 Trajanus
853 2299 946 2361 vero,
978 2286 1009 2344 ut
1037 2286 1147 2344 tantum
1175 2282 1222 2344 rei
1251 2280 1332 2342 cbri-

206 2393 322 2455 stianae
345 2406 541 2471 progressum
564 2387 693 2466 sisteret,
718 2385 901 2450 Clementem
917 2386 1048 2450 uocbora
1065 2385 1101 2447 ad
1117 2385 1228 2448 collum
1245 2384 1332 2468 ligata

207 2495 236 2556 in
270 2511 358 2556 mare.
386 2491 521 2575 demergi
553 2490 707 2554 mandauit.
754 2491 794 2553 st
823 2492 897 2554 mari
928 2509 1024 2572 usque
1054 2489 1091 2551 ad
1123 2488 1241 2569 iocum,
1275 2508 1332 2571 quo

208 2598 355 2680 pontilicis
372 2616 483 2679 corpus
500 2597 628 2679 jacebat,
651 2593 824 2674 recedente,
847 2594 918 2658 illud
934 2594 1046 2658 tumulo
1064 2611 1157 2657 saxeo
1174 2595 1205 2658 in
1222 2599 1329 2679 templu

208 2702 336 2785 quodam
360 2719 527 2765 marmoreo
551 2700 701 2763 conditum
725 2699 885 2762 Christiani
907 2699 1107 2762 invenerunt“
1130 2694 1167 2781 ¹).

296 2807 327 2869 ll.
356 2806 516 2868 Clementis
532 2806 715 2886 temporibus
732 2824 822 2888 quom
839 2807 1015 2890 gravissima
1033 2803 1183 2867 dissensio
1200 2805 1332 2870 Curintbi

209 2917 316 2975 exorta
340 2917 422 2974 osset
449 2912 527 2973 inter
556 2910 664 2973 iratres
680 2908 731 2994 ²),
764 2911 894 2974 ecclesia
916 2910 1047 2974 Romana
1070 2908 1332 2973 luculentissimum

210 3016 364 3096 epistolam
388 3014 548 3078 Corinthiis
571 3015 706 3097 scripsit,
734 3033 792 3096 qua
816 3032 870 3079 eos
894 3015 930 3078 ad
953 3034 1056 3097 pacem
1080 3014 1331 3094 concordiamque

209 3127 387 3198 revocaret,
411 3126 441 3182 et
463 3120 550 3182 fidem
573 3121 705 3200 illorum,
729 3128 758 3182 et
781 3138 868 3200 quam
891 3139 999 3183 recens
1022 3120 1058 3182 eb
1082 3118 1238 3201 Apostolis
1263 3136 1333 3181 sus-

213 3230 355 3307 ceperant
371 3224 558 3288 traditionem
574 3231 764 3289 renovarent.
797 3222 838 3287 lta
854 3224 995 3288 irenaeus
1007 3220 1048 3307 ³).
1080 3224 1163 3287 lianc
1178 3225 1331 3306 epistolum

211 3331 331 3394 nomine
355 3330 501 3414 ecclesiae
521 3329 672 3394 Romanae
696 3330 878 3393 Clementem
902 3335 1035 3391 nostrum
1058 3329 1217 3411 scripsisse
1240 3327 1333 3392 reiert

211 3432 358 3498 Eusebius
375 3415 426 3517 ⁴),
452 3435 595 3515 multique
617 3435 666 3497 alii
690 3441 825 3499 veterum
848 3433 935 3515 bujus
959 3432 1105 3514 epistolae
1128 3432 1332 3495 meminerunt.

212 3538 271 3603 Sed
301 3546 369 3602 aole
399 3541 464 3604 Sec.
488 3538 574 3602 Xllll.
604 3556 708 3602 omnes
739 3538 828 3602 medii
859 3544 890 3600 ct
918 3535 1069 3599 interioris
1101 3537 1167 3599 oevi
1199 3534 1332 3619 theologi

212 3640 289 3704 banc
312 3644 404 3723 patris
428 3643 584 3724 apostolici
609 3643 763 3724 epistolam
788 3627 969 3723 deperditam
992 3642 1140 3725 lugebant.

299 3745 388 3809 Anno
412 3755 509 3808 nutem
535 3743 618 3810 1628
640 3746 767 3829 cyrillus
782 3744 915 3824 Lucuris,
937 3745 1104 3808 Patriarcba
1120 3745 1333 3809 Constantino·

213 3845 378 3929 politanus,
412 3846 579 3932 Anglorum
601 3851 668 3934 regi
691 3849 799 3914 Carolo
822 3848 843 3911 l.
872 3850 1107 3931 antiquissimum
1133 3851 1165 3911 V.
1190 3858 1221 3913 et
1242 3851 1278 3913 N.
1302 3849 1333 3911 T.

215 3952 350 4015 codicem
374 3952 453 4017 duno
476 3954 554 4017 misit
570 3952 619 4040 5);
643 3960 672 4017 et
696 3971 778 4032 ecce,
800 3952 837 4016 ad
860 3955 972 4018 calcem
989 3954 1234 4036 praestantissimi
1249 3954 1334 4037 bujus

252 4140 279 4208 1)
297 4138 407 4192 Historia
421 4140 497 4194 tbeol.
512 4143 566 4195 crit.
578 4141 605 4196 T.
615 4142 633 4196 l.
646 4160 672 4213 p.
684 4145 761 4213 52sq.
790 4143 921 4209 rejecisse.
957 4144 1007 4196 Sed
1026 4143 1144 4196 Clemens
1171 4145 1225 4209 ipse
1243 4158 1334 4197 reeen-

252 4226 281 4291 2)
301 4227 762 4299 Seditiomotaiuerstcoolrupres·
790 4232 881 4283 tiorum
908 4229 1092 4283 Corinthiorum
1122 4230 1275 4283 seditionem
1305 4228 1335 4282 ab

215 4311 324 4380 bpteros
337 4320 372 4379 [e.
385 4315 441 4379 ta),
458 4316 500 4383 qui
514 4314 607 4381 injuste
619 4317 764 4370 muneribus
791 4316 834 4369 ille
853 4317 933 4384 priori
952 4316 1019 4368 bene
1038 4317 1167 4385 distinguit
1185 4332 1207 4368 c.
1226 4316 1269 4367 la.

216 4402 267 4453 suis
286 4400 471 4467 dejiciebantur
489 4405 525 4468 (c.
537 4402 591 4466 id).
629 4402 764 4456 Scbenlse·
826 4401 1122 4469 aperuissemus.
1150 4400 1224 4470 Apud
1237 4405 1336 4458 flasset.

216 4486 266 4538 lius
284 4486 323 4554 (io
342 4486 467 4542 Ullmaoni
480 4488 549 4540 Stnd.
569 4496 595 4539 et
606 4488 667 4543 llrit.
687 4488 763 4543 18⁴1.
791 4488 855 4542 llist.
874 4488 944 4540 Eccl.
963 4489 994 4554 V,
1013 4489 1037 4541 6.

216 4571 288 4627 Fusc.
308 4573 326 4625 l.
345 4591 371 4642 p.
391 4574 424 4626 53
440 4576 508 4643 sqq.)
528 4581 650 4642 sutumst,
668 4574 763 4628 lactio—
826 4576 857 4644 4)
875 4574 938 4628 llist.
958 4575 1020 4627 eccl.
1038 4574 1081 4639 lll,
1101 4575 1133 4626 16
1153 4583 1179 4627 st
1197 4576 1240 4627 ³8.

216 4676 274 4712 nem
293 4658 375 4725 illam,
394 4678 460 4730 qnae
479 4661 568 4714 Cbristi
589 4675 648 4712 esse
666 4660 763 4729 gloris—
827 4662 856 4724 5)
874 4659 925 4714 Cir.
942 4664 1042 4725 Woide,
1060 4660 1143 4713 Praei.
1156 4661 1188 4713 sd
1201 4662 1338 4714 editionem

216 4746 291 4798 butor
304 4745 395 4808 (lCor.
410 4746 501 4812 1,12),
514 4748 647 4811 revixisse,
661 4757 687 4799 et
699 4749 765 4800 sicot
792 4747 893 4801 Codicis
911 4746 1085 4814 Alexandrini,
1110 4764 1135 4815 p.
1155 4747 1196 4799 lll.
1216 4750 1241 4813 ς.
1262 4749 1293 4798 15
1313 4755 1339 4800 et

217 4833 395 4885 auctoritatem
409 4830 599 4900 Apostolorum,
617 4835 653 4884 ita
672 4842 698 4885 et
715 4849 763 4885 au·
791 4836 900 4906 Priding.
928 4834 1006 4887 tbeol.
1032 4833 1240 4899 Quartalscbrilt,
1262 4831 1337 4884 less.

217 4919 764 4989 ctoritatsmprssbyterorum,qniabbpo-
792 4935 817 4987 p.
837 4917 895 4970 58³.

217 5005 291 5060 stolis
316 5006 416 5060 iusrmt
429 4994 564 5074 'iustitium
588 5005 766 5075 sprevissem
