3067 6450
367 1185 511 1246 ,maula
529 1185 664 1239 PASTOR.
700 1186 797 1240 tibuit
815 1188 835 1240 l.
871 1189 957 1244 VISIO
974 1189 1016 1245 tlt
1194 1198 1256 1264 33¹
1360 1149 1364 1161 *

130 1346 204 1408 illuc
227 1364 293 1408 cum
313 1345 476 1428 juvenibus
499 1363 571 1426 sex,
604 1364 680 1427 quos
704 1352 734 1408 et
757 1354 826 1411 ante
849 1349 998 1430 videram,
1030 1358 1060 1414 et
1089 1354 1259 1436 stetitpost

132 1469 183 1512 me
206 1456 357 1528 orantem,
387 1457 417 1511 et
439 1450 577 1512 audiebat
599 1470 646 1512 me
677 1457 828 1529 orantem,
861 1458 890 1514 et
916 1455 1106 1519 confitentem
1131 1459 1258 1523 Domino

131 1560 256 1635 peccata
281 1572 356 1615 mea.
400 1553 437 1616 Et
460 1561 587 1636 tangens
610 1573 658 1616 me
682 1554 771 1617 dixit:
805 1557 937 1634 ,desine
960 1562 1022 1641 jam
1051 1565 1259 1643 propeccatis

132 1658 193 1720 tuis
216 1664 325 1719 tantum
349 1676 446 1720 orare.
492 1657 551 1720 Ora
575 1664 605 1720 el
628 1676 683 1739 pro
702 1659 834 1739 justitia,
863 1667 895 1722 ut
925 1664 1052 1742 accipias
1081 1672 1192 1744 partem
1219 1686 1260 1730 ex

133 1779 170 1822 ea
194 1761 229 1850 in·
247 1760 336 1823 domo
359 1761 437 1823 tua.“
483 1760 519 1823 Et
541 1763 639 1824 erexit
662 1780 709 1824 me
728 1762 861 1843 deloco,
884 1771 912 1826 et
929 1767 1124 1847 apprehendit
1141 1790 1258 1834 manum

133 1884 239 1942 meam,
264 1872 294 1926 et
316 1864 439 1927 adduxit
461 1883 508 1927 me
531 1866 568 1927 ad
591 1867 774 1945 subsellium,
801 1874 831 1928 et
854 1869 893 1929 ait
917 1868 973 1930 illis
992 1872 1172 1953 juvenibus:
1197 1875 1258 1952 ,ite

133 1976 164 2031 et
187 1968 370 2031 aedificate.“
416 1969 574 2050 Postquam
606 1978 704 2033 autem
736 1970 940 2035 discesserunt
964 1975 1113 2055 juvenes,
1145 1984 1175 2039 et
1203 1995 1259 2040 nos
1287 2033 1290 2040 .

132 2074 338 2152 subicimus,
371 2074 410 2136 ait
433 2075 518 2137 mihi:
552 2076 653 2155 „sede
676 2075 781 2138 heic.“
827 2077 902 2139 Dico
926 2079 971 2140 ei:
1001 2079 1163 2159 ,domina,
1194 2082 1260 2143 sine

132 2178 273 2240 seniores
289 2183 357 2239 ante
373 2177 511 2240 sedere.“
553 2180 659 2258 ,Quod
676 2181 727 2242 tibi
743 2180 846 2260 dico,“
860 2182 962 2262 inquit,
980 2185 1102 2263 ,sede.“
1142 2185 1259 2260 Quum-

133 2301 195 2364 que
218 2281 324 2344 vellem
347 2282 458 2344 sedere
488 2282 525 2345 ad
555 2283 709 2346 dexteram
741 2289 872 2366 partem,
903 2304 962 2350 uon
993 2295 1038 2350 est
1068 2306 1174 2371 passa,
1205 2288 1259 2351 sed

132 2387 283 2448 annuebat
305 2386 375 2448 mibi
397 2404 494 2466 manu,
517 2394 549 2449 ut
564 2388 600 2449 ad
617 2388 763 2451 sinistram
781 2395 893 2470 partem
909 2390 1057 2455 sederem.
1102 2392 1260 2473 cogitante

133 2498 234 2553 autem
257 2510 314 2569 me,
337 2499 365 2554 et
389 2497 504 2553 moesto
528 2493 686 2572 existente,
710 2493 790 2573 quod
814 2511 874 2556 non
897 2494 966 2556 sivit
987 2514 1036 2557 me
1057 2496 1094 2558 ad
1123 2497 1259 2558 dextram

131 2603 248 2678 partem
270 2594 405 2687 sedere,
427 2597 467 2657 ait
490 2596 575 2658 mibi:
608 2598 705 2677 „quid
734 2605 867 2660 moestus
896 2618 947 2678 es,
970 2600 1105 2663 Herma?
1149 2601 1258 2680 Locus,

132 2701 188 2781 qui
211 2705 256 2763 est
279 2699 315 2762 ad
339 2700 489 2779 dextram,
513 2701 630 2763 illorum
654 2708 716 2779 est,
744 2701 794 2782 qui
813 2702 875 2782 jam
898 2710 1071 2768 meruerunt
1094 2704 1207 2783 Deum,
1230 2709 1260 2767 et

135 2803 245 2886 ¹passi
268 2811 336 2867 sunt
357 2823 446 2867 causa
470 2805 597 2867 nominis
621 2807 696 2886 eJus.
741 2806 807 2867 'libi
835 2813 932 2869 autem
963 2815 1101 2889 superest
1129 2811 1260 2890 multum,

132 2915 167 2972 ut
189 2928 256 2971 cum
279 2911 335 2971 illis
357 2910 474 2972 sedeas.
520 2910 602 2974 Sicut
625 2927 744 2988 manes,
776 2910 804 2971 in
827 2910 1012 2990 simplicitate
1035 2919 1084 2974 tua
1109 2931 1259 2993 permane,

133 3020 166 3075 et
189 3013 309 3075 sedebis
332 3033 398 3076 eum
413 2998 489 3093 illis,
515 3020 545 3075 et
567 3015 745 3094 quicumque
767 3014 878 3077 luerint
893 3018 1008 3095 operati
1024 3017 1140 3080 illorum
1157 3035 1258 3098 opera,
1330 3095 1336 3101 Ι
1358 3060 1377 3082 .
1432 3000 1434 3011 ’

134 3123 167 3178 et
189 3110 391 3195 sustinuerint,
414 3134 491 3197 quae
513 3117 553 3178 illi
576 3117 811 3178 sustinuerunt.“

204 3212 255 3283 ll.
301 3221 374 3284 Dico
398 3221 443 3283 ei:
480 3219 637 3300 ,domina,
660 3213 766 3282 vellem
789 3221 886 3299 scire,
919 3239 997 3301 quae
1023 3222 1256 3284 sustinuerunt.“

100 3346 103 3350 ’
136 3325 267 3405 ,Audi,“
291 3328 400 3407 inquit:
426 3326 526 3405 ,leros
550 3326 671 3403 bestias,
693 3323 821 3408 flagella,
844 3343 992 3402 carceres,
1019 3343 1143 3404 cruces,
1169 3343 1258 3389 causa

134 3433 264 3494 nominis
280 3433 354 3513 ejus.
391 3431 516 3511 Propter
531 3430 588 3491 boc
605 3430 722 3492 illorum
738 3435 806 3493 sunt
822 3428 945 3491 dextrae
961 3436 1062 3509 partes
1084 3430 1257 3509 sanctitatis,

135 3542 166 3598 et
188 3537 322 3617 quisquis
345 3535 473 3616 patietur
494 3541 618 3616 propter
639 3551 746 3596 nomen
763 3532 835 3608 Dei;
860 3532 1041 3613 reliquorum
1063 3540 1161 3594 autern
1180 3534 1258 3594 sini·

134 3646 215 3703 strae
237 3644 337 3721 partes
358 3647 435 3702 sunt.
458 3638 539 3703 sed
562 3640 698 3718 utrisque
722 3639 776 3715 eis,
800 3638 903 3717 etqui
926 3636 962 3698 ad
987 3637 1131 3712 dextram,
1156 3643 1186 3697 et
1207 3637 1258 3717 qui

135 3743 172 3806 ad
194 3745 343 3806 sinistram
366 3744 486 3822 sedent,
518 3749 586 3805 sunt
616 3742 694 3804 dona
724 3748 753 3803 et
781 3741 1013 3823 promissiones,
1042 3745 1152 3802 tantum
1176 3739 1256 3819 quod

135 3847 173 3909 ad
206 3847 340 3910 dextram
375 3827 517 3910 sedentes
551 3847 659 3908 babent
695 3846 820 3928 gloriam
858 3844 1021 3926 quamdam.
1077 3845 1121 3906 Tu
1158 3850 1257 3907 autem

136 3951 261 4033 cupidus
285 3971 318 4014 es
341 3952 449 4015 sedere
472 3951 509 4014 ad
541 3951 674 4013 dextram
703 3970 770 4013 eum
802 3950 865 4024 eis,
894 3947 948 4010 sed
979 3948 1157 4029 exiguitates
1188 3956 1257 4010 tuae

135 4055 245 4117 multae
266 4062 342 4119 sunt.
387 4056 600 4118 Emundaberis
632 4062 727 4118 autem
757 4056 793 4117 ab
824 4054 1034 4135 exiguitatibos
1057 4053 1124 4115 tuis.
1170 4051 1285 4116 ²Sed.
1385 4057 1391 4076 “

137 4165 167 4221 et
197 4177 320 4238 omnes,
352 4160 401 4240 qui
432 4159 511 4221 dubii
543 4177 601 4221 non
632 4158 754 4235 luerint,
789 4157 1025 4220 emundabuntur
1054 4157 1091 4218 ab
1122 4147 1258 4219 omnibus

135 4262 267 4343 peccatis
291 4260 344 4324 ³in
368 4263 446 4325 bunc
470 4263 576 4325 diem.“
622 4262 658 4324 Et
682 4281 747 4325 cum
771 4262 845 4324 baec
869 4262 1011 4338 dixissetp
1027 4262 1145 4324 volebat
1166 4263 1257 4324 abire.

134 4365 172 4427 Et
193 4364 355 4447 procidens
377 4367 418 4428 illi
441 4367 477 4428 ad
501 4366 604 4446 pedes,
628 4368 733 4449 rogavi
755 4366 833 4428 illam
856 4384 911 4446 per
933 4365 1108 4444 Dominum,
1136 4371 1165 4427 ut
1189 4364 1258 4426 mibi

136 4469 365 4547 demonstraret,
381 4452 460 4550 quod
476 4470 687 4551 repromiserat
703 4469 806 4531 visum.
831 4469 870 4531 At
885 4469 932 4530 illa
948 4487 1053 4531 rursus
1064 4466 1258 4549 apprehendit

134 4592 254 4635 manum
278 4592 389 4653 meam,
421 4580 451 4635 et
475 4576 571 4636 erexit
593 4592 658 4650 me,
691 4580 721 4635 el
739 4573 813 4655 ‚lecit
835 4571 944 4634 sedere
972 4591 1064 4654 super
1086 4570 1257 4633 subsellium
1346 4623 1349 4629 Δ

135 4675 173 4738 ad
203 4676 368 4755 sinistram,
399 4684 428 4739 et
460 4678 573 4739 elevata
605 4678 688 4759 virga
720 4676 846 4758 quadam
869 4676 1041 4758 splendida,
1073 4672 1145 4734 dixit
1169 4672 1256 4733 milri:

172 4832 200 4896 1)
220 4828 366 4881 Laureolum
385 4837 521 4896 martyrum
540 4829 619 4896 gloria
633 4845 684 4897 pe·
746 4831 775 4891 2)
794 4828 879 4880 Paene
897 4828 986 4880 eadem
1004 4826 1110 4894 legimus
1123 4824 1174 4876 Vis.
1187 4824 1218 4888 ll,
1230 4824 1255 4874 2.

136 4915 225 4967 catini
251 4914 428 4982 praefulgere,
454 4915 566 4967 studiosa
591 4915 685 4967 docent
746 4917 776 4983 3)
794 4916 834 4967 Sc.
854 4917 879 4965 in
899 4914 968 4964 diem
986 4911 1090 4979 judicii,
1117 4910 1162 4963 cir.
1181 4926 1256 4982 supra

136 5016 226 5062 omnes
238 5003 494 5080 scriptorerretcrer.
514 5004 682 5054 Oronltmr.
710 5018 735 5074 p.
755 5002 815 5053 327.
833 5009 886 5053 not.
905 5000 930 5054 7.
