3067 6450
365 1160 487 1215 lullum
504 1158 662 1216 uelsroml
682 1159 726 1213 hl)
745 1158 1032 1217 honerosum.
1194 1166 1255 1231 201

211 1412 331 1492 liupule
344 1412 450 1491 polius
461 1411 570 1488 Deum,
585 1419 623 1472 ul
636 1410 679 1472 cd
692 1411 876 1491 martyrium
889 1411 963 1473 mihi
977 1411 1063 1474 eires
1075 1413 1260 1491 repperiret.

223 1534 302 1597 Nulli
325 1552 452 1615 unquam
480 1530 669 1609 ¹invidislis3
701 1533 775 1595 ulios
798 1530 950 1594 docuislis.
996 1530 1090 1615 ²Ego
1114 1553 1188 1596 vero
1212 1535 1260 1597 illu

154 1634 259 1720 'oque
288 1638 371 1701 firme
405 1655 488 1721 essu
504 1636 592 1715 volo,
623 1654 701 1717 quoe
724 1633 867 1699 ³dooelis
898 1643 928 1698 el
952 1638 1129 1719 praecipilis.
1175 1639 1261 1702 Vires

152 1746 249 1805 'nium
272 1742 343 1805 mihi
366 1748 396 1804 el
418 1742 550 1804 inlernus
574 1749 604 1804 el
624 1747 765 1803 exlernus
789 1742 888 1821 pelile,
911 1747 943 1802 ul
958 1759 1017 1804 non
1033 1741 1128 1804 solum
1145 1743 1261 1824 loquor,

127 1914 131 1919 ,
153 1846 191 1909 ed
215 1855 245 1910 ei
267 1847 373 1923 velim3
403 1853 433 1908 ul
456 1865 515 1909 non
537 1848 633 1909 solum
657 1846 738 1907 dicar
761 1845 961 1922 Clirislicnus,
988 1843 1042 1907 sed
1066 1853 1094 1907 el
1118 1848 1262 1908 inveniar.

121 1952 169 2017 'si
193 1951 270 2013 enim
294 1946 460 2013 ⁴invenlus
485 1949 582 2029 luero,
606 1954 692 2013 elium
716 1950 773 2012 diui
797 1956 902 2031 polero
925 1950 1117 2028 Chrisliunus‚
1142 1959 1172 2012 el
1193 1958 1263 2013 lunc

92 2130 97 2137 ⁵
136 2054 233 2117 hoelis
258 2073 326 2117 esse
349 2055 466 2133 valebo,
490 2074 577 2135 quum
600 2056 710 2118 mundo
735 2054 858 2134 amplius
885 2073 943 2116 non
968 2057 1127 2137 apparebo.
1174 2054 1262 2133 Nihil,

137 2159 219 2240 quod
243 2168 375 2240 uppurel,
398 2157 534 2222 ⁵bonum
557 2166 611 2222 esi.
656 2154 687 2243 [⁶
698 2158 786 2235 Quae
802 2159 881 2220 enim
900 2160 1056 2236 videnlur,
1079 2160 1265 2238 lemporalia

135 2273 232 2337 sunu
265 2282 343 2343 puae
365 2282 440 2327 cero
462 2283 526 2326 non
549 2263 710 2339 videnlur,
740 2272 871 2326 aelerna
896 2260 996 2348 rech]
1041 2264 1175 2344 Namque
1199 2264 1264 2343 ipso

136 2369 221 2430 Deus
252 2374 354 2430 nosler
384 2366 473 2430 Jesus
503 2367 655 2445 Christus,
685 2369 791 2429 ilerum
821 2369 850 2430 in
873 2368 958 2430 Pulre
989 2369 1139 2444 existens,
1170 2367 1264 2450 magle

139 2468 381 2535 'munileslelun
427 2467 521 2535 ⁸Non
559 2473 707 2535 suasionis
746 2490 838 2554 opus,
876 2472 930 2535 sed
969 2470 1179 2555 magnitudinis
1217 2475 1266 2532 esi

138 2577 390 2657 christianismus,
413 2572 617 2659 ⁹praesertim
640 2576 759 2659 quondo
783 2578 883 2641 odilur
904 2596 922 2640 e
944 2576 1062 2640 mundo.

137 2769 187 2831 lv.
223 2769 325 2832 Simile
341 2789 386 2832 me
400 2769 543 2848 ferarum
556 2770 578 2832 d
631 2768 701 2830 ibes
715 2769 801 2847 moli,
824 2777 861 2830 ul
870 2769 965 2849 penis
977 2768 1095 2832 Chrisli
1110 2769 1265 2831 inveniar.

231 2883 257 2927 ¹⁰
267 2889 333 2973 Ego
349 2892 484 2954 eeclesiis
500 2893 579 2954 scrib
634 2891 830 2973 omnibusque
847 2893 964 2970 mundo,
987 2889 1068 2972 quod
1087 2890 1194 2951 lubens
1210 2906 1265 2969 pru

138 2995 207 3056 Deo
230 2996 350 3074 murier,
373 2997 518 3078 siquidem
541 3016 580 3060 vo
650 3014 743 3058 enon
759 2996 933 3076 impediulis.
980 2993 1115 3057 Obsecro
1139 3011 1203 3070 uos,
1227 3009 1266 3054 ue

143 3095 168 3135 ¹¹
180 3100 414 3181 inlempeslivum
431 3102 498 3163 mihi
515 3103 593 3164 bene
636 3102 753 3162 lenlium
770 3101 943 3162 exhibeulis.
968 3099 1063 3160 Sinile
1075 3116 1121 3157 me
1135 3096 1265 3158 lemnum

139 3205 238 3267 cibum
261 3222 339 3284 esse,
363 3225 418 3287 per
440 3225 514 3287 quus
538 3206 583 3269 De
657 3205 801 3285 consequi
824 3205 901 3267 licel.
949 3200 1176 3265 ¹²Frumenlum
1200 3217 1266 3261 sum

139 3309 212 3388 Dei,
243 3314 273 3369 el
295 3329 349 3389 per
372 3310 501 3373 ferarum
525 3309 581 3371 den
653 3310 763 3386 molor,
795 3316 826 3370 ul
853 3326 944 3391 purus
976 3309 1061 3389 panis
1084 3305 1191 3367 Chrisli
1216 3307 1267 3368 in·

140 3416 256 3476 veniur.
288 3415 373 3478 Feris
390 3419 487 3497 polius
503 3417 570 3478 blnn
623 3415 683 3492 uini,
701 3421 732 3475 ul
748 3413 815 3475 mihi
832 3411 1022 3494 sepulchrum
1038 3411 1117 3485 huni,
1135 3411 1268 3490 nihilque

140 3520 198 3579 mei
223 3521 358 3599 corporis
378 3521 561 3601 relinquenl;
625 3565 633 3596 ,
657 3526 813 3600 poslqnum
834 3518 1034 3595 obdormiero,
1058 3518 1160 3598 gravis
1181 3514 1268 3576 elicui

141 3623 217 3684 liam.
263 3624 346 3685 Tune
378 3643 450 3686 vere
474 3624 541 3685 Chri
612 3623 772 3705 discipulus
805 3641 877 3701 ero,
910 3641 998 3702 quum
1028 3639 1128 3701 neque
1159 3633 1268 3698 corpus

142 3744 240 3787 nreum
273 3726 397 3790 mundus
430 3726 540 3788 videbil
594 3728 740 3791 Chrislurn
773 3748 827 3812 pro
861 3747 907 3790 me
937 3728 1116 3810 supplicabo,
1153 3731 1184 3786 ul
1214 3741 1269 3804 per

142 3860 283 3929 interprete
302 3862 389 3925 lerino,
409 3879 457 3914 nec
475 3878 489 3913 u
558 3878 590 3927 o,
609 3881 658 3917 nec
676 3862 835 3920 e¹erlendul
853 3876 952 3935 operor
969 3876 1082 3933 tempore
1097 3866 1267 3933 persecucio-

143 3947 284 4015 lrrgmenlo
314 3950 418 4016 Syriaco
520 3965 552 4015 ι,
583 3950 691 4006 delenda
717 3971 789 4005 mrim.
820 3951 871 4004 (ir.
891 3951 944 4004 Gal.
963 3952 988 4015 5,
1009 3952 1033 4003 8.
1063 3950 1142 4003 lCcr.
1163 3949 1188 4013 2,
1206 3948 1222 3998 4
1242 3956 1269 3999 el

717 4038 797 4106 lgnnl.
823 4037 854 4088 ed
880 4037 971 4103 Epher.
997 4053 1019 4088 c.
1040 4037 1080 4087 ll.
1106 4032 1135 4085 οὐ
1157 4033 1201 4101 γάρ
1225 4037 1270 4082 νῦν

177 4121 208 4176 il
229 4119 248 4171 1.
268 4137 290 4172 e.
309 4140 352 4174 Μ
457 4126 586 4188 rr'flcaelrrr.
717 4122 857 4189 inayyslce
877 4123 906 4171 τὸ
924 4123 994 4187 ἔργον
1012 4143 1033 4171 rr.
1052 4142 1075 4171 r.
1093 4124 1112 4170 l.

431 4219 519 4260 velere
549 4209 691 4276 lnlerprelc
752 4210 781 4271 9)
802 4209 919 4257 Miliare
938 4238 969 4248 -
989 4206 1066 4266 κόσμια
1091 4223 1140 4259 non
1168 4213 1267 4257 exerunt

143 4293 220 4344 lrlino
325 4297 451 4345 rsiunihus
470 4295 572 4360 Syrium
596 4305 620 4346 el
640 4297 690 4347 hr-
719 4298 743 4346 in
756 4293 864 4357 Graeco,
883 4298 928 4345 sed
943 4298 1058 4347 rerlilulr
1072 4302 1130 4345 runl
1143 4309 1173 4343 er
1187 4291 1270 4342 lnler·

276 4378 410 4438 lucendum
430 4390 478 4444 esi,
498 4390 525 4431 ul
542 4391 692 4432 monuerunt
719 4382 832 4447 polulore
846 4389 871 4431 el
885 4397 898 4430 e
914 4383 1071 4431 versionibus
1082 4389 1169 4430 uetere
1185 4378 1270 4439 latinu,

144 4464 273 4530 smithius,
292 4464 420 4517 Rucbrlue
439 4476 465 4518 ei
483 4470 628 4523 nurnerrinre
649 4468 691 4519 Dr.
721 4469 824 4531 Syriucn
844 4477 869 4516 rt
889 4469 1046 4517 Armenium.

145 4551 277 4603 horrebo
303 4568 327 4619 p.
341 4551 400 4603 ¹2³3.
426 4551 513 4605 sodex
532 4552 692 4604 Collrerlinus
740 4554 785 4619 lo)
805 4552 887 4616 Capul
906 4562 1020 4620 qururlum
1039 4567 1122 4618 paene
1143 4551 1266 4616 integrum

145 4639 234 4690 hebel:
254 4633 284 4685 ον’
300 4642 387 4697 «κωπῆς
404 4637 480 4696 μόνον
497 4639 618 4704 τὸέργον.
636 4636 694 4687 «llll
720 4642 796 4690 elium
816 4641 881 4705 npurl
901 4640 991 4704 Syrum
1013 4639 1111 4704 leguur.

145 4729 247 4789 prytffirc
266 4722 331 4773 ἔστὶν
348 4722 364 4774 o‘
383 4724 574 4788 Xrnorurrr‘rornk.
600 4726 694 4776 Sensim
742 4727 784 4790 ll)
804 4724 882 4790 Syriis
900 4725 976 4792 legii:
996 4721 1077 4787 εὐνοίᾳ
1094 4716 1190 4782 rr’aew'p'p.

147 4819 199 4859 eslr
226 4827 280 4862 nere
306 4814 388 4863 cerie
415 4816 467 4864 elei
494 4815 590 4880 uplirna
612 4823 636 4865 el
661 4815 695 4864 url
739 4811 783 4867 12l
802 4810 874 4862 llrrne
912 4810 995 4861 locum
1030 4807 1270 4873 preerlnnlisrimuru

146 4899 357 4961 perrrrudmrdum
394 4902 599 4964 efficacissime,
646 4896 806 4986 redilrudnl
836 4901 964 4949 lrrnuenr
994 4895 1052 4944 edu.
1083 4891 1152 4942 brer.
1177 4889 1208 4955 V,
1226 4889 1270 4942 28.

148 4985 228 5036 enimi
271 4985 478 5054 mapnilurlinem
520 4985 693 5038 Chrirliunur
706 4989 710 5052 l
722 4986 833 5047 (Eucti.
853 4980 883 5031 ll.
903 4979 933 5030 Ε.
952 4980 994 5044 lll,
1014 4978 1080 5047 36.).
