3067 6450
205 987 324 1044 rxxsm
641 979 898 1035 rnonrconnnn.
1154 945 1334 1051 'ransrotn

206 1150 378 1234 pletissimi,
410 1142 551 1222 omnique
583 1143 760 1233 exceptione
784 1143 932 1225 majores,
964 1140 1034 1204 iilud
1066 1139 1144 1203 idem
1167 1140 1336 1205 firmissima

207 1256 396 1320 adseverant.
443 1250 555 1312 Horum
586 1267 692 1330 agmen
722 1248 803 1311 ducit
828 1247 995 1322 irenaeus,
1026 1245 1237 1328 Lugdunensis
1270 1249 1337 1328 epi-

207 1376 336 1440 scopus,
368 1362 398 1417 et
421 1353 577 1436 Polycarpi
600 1354 693 1415 nostri
717 1353 896 1434 discipulus,
928 1350 978 1433 qni
1008 1351 1037 1412 in
1062 1352 1268 1435 agnoscendis
1291 1353 1338 1416 vei
1372 1364 1374 1366 ’

208 1460 402 1545 designandis
425 1460 558 1542 magistri
582 1459 627 1521 sui
652 1458 784 1540 episioiis
808 1455 865 1519 iaiii
891 1475 950 1519 non
974 1463 1099 1538 poterat.
1144 1457 1172 1520 is
1199 1459 1279 1520 enirn
1303 1456 1338 1519 de

207 1568 264 1630 hac
287 1566 443 1647 Polycarpi
469 1563 595 1647 epistola
619 1563 693 1625 haec
716 1564 877 1624 memoriae
909 1562 1026 1624 tradidit
1045 1561 1092 1644 'jz
1115 1550 1207 1624 ’Ἐστι
1228 1556 1267 1624 δὲ
1289 1557 1339 1624 xci

208 1663 364 1754 ἐπιστολή
388 1659 604 1754 Πολοκάρπου
628 1662 713 1753 πρὸς
737 1664 975 1750 &abrumpamus
997 1661 1203 1751 γεγραμμένη,
1228 1661 1338 1730 ὶκανω·

207 1767 306 1862 τᾶτφ,
335 1770 370 1855 έξ
398 1762 437 1860 ἧς
464 1771 514 1838 καὶ
542 1767 598 1837 τόν
625 1770 809 1858 χαρακτῆρα
837 1776 893 1857 τῆς
923 1765 1065 1844 πίστεως
1086 1764 1201 1848 αὐτοῦ,
1229 1768 1285 1836 καὶ
1305 1768 1341 1837 sd

207 1876 345 1970 κὴροφμα
373 1880 432 1967 τῆς
453 1870 625 1965 οἶλρθείας,
657 1872 688 1941 οἱ
708 1868 918 1957 βουλόμενοι,
950 1872 1002 1938 καὶ
1033 1872 1262 1964 φροντίζοντες
1286 1878 1339 1964 τῆς

152 2006 155 2015 ·
209 1981 331 2052 ἑαυτῶν
352 1981 521 2072 σωτηρίας,
544 1974 691 2047 δύνανται
712 1982 892 2064 μαθεῖν...
935 1982 1051 2045 irenaei
1073 1985 1242 2046 sententiae
1266 1985 1361 2047 sub-'

209 2094 329 2174 scripsit
361 2090 526 2154 Eusebius.
583 2089 628 2150 Ac
662 2107 701 2150 ne
736 2089 818 2169 quis,
857 2087 895 2150 de
929 2106 988 2168 qua
1021 2088 1177 2171 Polycarpi
1216 2088 1341 2169 epistola

209 2197 365 2278 loquatur,
398 2193 484 2256 uiiam
515 2211 645 2274 unquam
676 2193 756 2256 litem
779 2211 903 2256 movere
933 2201 1054 2275 posset,
1085 2194 1136 2256 iiie
1166 2193 1272 2275 piures
1305 2213 1341 2256 ex

212 2301 316 2364 eadem
341 2297 464 2380 epistola
488 2298 584 2375 iocos,
605 2298 656 2378 qui
679 2298 708 2360 in
733 2316 769 2360 ea
786 2300 873 2360 etiam
890 2317 969 2360 nunc
988 2301 1190 2380 reperiuntur,
1215 2297 1341 2361 fideliter

211 2403 421 2485 transscripsit.
467 2402 515 2465 Sic
538 2408 634 2464 autem
659 2401 707 2464 iiie
724 2400 775 2487 ῆι
798 2397 865 2464 Καὶ
887 2393 905 2464 ὁ
928 2393 1142 2489 Πολέκαρπος
1163 2398 1201 2466 δέ
1220 2391 1342 2466 τούτων

211 2496 315 2570 αὐτῶν
337 2505 549 2588 (epistolarum
573 2505 602 2568 S.
625 2504 750 2595 ignatii)
773 2499 928 2592 μέμνηται
948 2503 980 2571 έν
999 2507 1040 2594 τῇ
1061 2500 1223 2594 φερομένῃ
1246 2496 1342 2572 αὐτοῦ

212 2608 296 2698 πρὸς
321 2605 564 2695 Φιλιππφοέους
586 2605 756 2694 ἐπισοολῇ,
787 2601 917 2696 φάσκων
942 2607 1053 2687 αὐτοῖς
1074 2601 1192 2696 ῥήμασι
1215 2635 1242 2673 κ.
1266 2634 1296 2675 τ.
1317 2611 1341 2675 i.

186 2716 405 2802 ¹(Sequnntur
429 2716 521 2778 uerba
537 2714 695 2797 Polycarpi
720 2735 759 2778 ex
782 2714 882 2798 capii
907 2723 934 2778 et
956 2714 1025 2798 13).
1071 2717 1108 2779 Et
1131 2717 1159 2779 in
1183 2717 1243 2780 aiio
1269 2718 1342 2782 iibro

213 2822 360 2884 Eusebius
378 2817 427 2904 ³):
458 2809 491 2882 ‘0
520 2814 580 2899 μέν
601 2839 660 2882 uos
682 2807 898 2905 Πολὺκαρπος
927 2815 959 2883 ἐν
986 2819 1028 2904 τῇ
1057 2814 1238 2906 δηλωθεέορ
1261 2819 1343 2909 πρὸς

215 2920 457 3009 Φιλιππφοίους
479 2913 576 2987 αὐτοῦ
598 2923 714 3011 γραφῇ,
737 2919 895 3010 φερομένῃ
916 2919 964 2998 εἰς
986 2922 1088 3011 δεῦρο,
1110 2920 1263 3012 νέχρφιαί
1282 2948 1343 2993 τισι

212 3023 404 3115 μαρτυρίαις
428 3019 498 3090 aiud
520 3033 575 3113 τῆς
597 3024 725 3115 Πέτρον
747 3025 908 3115 προτέρας
936 3025 1107 3114 ἐπιπολῆς
1138 3030 1185 3115 (e.
1208 3053 1239 3117 g.
1264 3053 1291 3096 c.
1318 3032 1342 3097 i.

214 3134 243 3197 2.
275 3134 304 3197 5.
335 3134 362 3195 7.
395 3131 424 3195 8.
457 3129 533 3214 10).
580 3132 709 3196 Eusebio
745 3134 861 3196 accedit
891 3135 1121 3217 Hieronymus,
1160 3137 1211 3218 qui
1246 3137 1342 3201 eidem

214 3238 359 3319 epistoiae
374 3255 458 3300 sunm
476 3256 596 3318 quoqne
613 3237 692 3302 dedit
704 3236 962 3323 testimoninm⁴):
984 3242 1191 3323 Polycarpus,
1206 3243 1342 3306 ioannis

214 3340 361 3422 Apostoli
384 3343 576 3421 discipuius,
608 3351 639 3405 et
659 3344 699 3405 cb
722 3363 759 3406 eo
782 3344 933 3426 Smyrnae
958 3348 1124 3425 episcopus
1157 3348 1343 3423 ordinatum·

216 3447 310 3507 totius
334 3444 431 3509 Asine
451 3448 602 3525 princeps
622 3449 685 3527 suit
703 3456 759 3511 etc.
804 3449 940 3530 Scripsit
962 3452 1004 3513 od
1018 3450 1232 3533 Philippenses
1253 3455 1343 3517 cnido

214 3552 320 3611 utilem
343 3552 516 3630 epistolum,
541 3570 621 3631 puae
643 3571 741 3631 usque
764 3555 859 3616 bodie
883 3554 1031 3618 iudaice
1050 3566 1202 3619 concentu
1221 3559 1342 3640 beqitor.

215 3652 261 3715 Ex
284 3655 389 3734 quibus
413 3656 583 3736 Hieronymi
605 3658 707 3726 verbis
731 3656 887 3737 discimus,
919 3678 979 3722 non
1008 3662 1104 3724 soium
1131 3662 1167 3724 ab
1191 3662 1242 3726 iiio
1266 3663 1343 3727 hano

216 3758 370 3839 epistolam
395 3760 561 3843 Polycarpo
585 3760 728 3840 adscribi,
751 3762 805 3825 sed
830 3782 895 3825 eam
917 3766 1057 3846 insuper,
1083 3783 1196 3828 summa
1220 3786 1293 3831 cura
1315 3770 1344 3832 in

216 3863 353 3924 ecclesiis
377 3863 573 3943 adservatam,
598 3867 637 3928 ibi
659 3869 788 3931 maximo
813 3867 906 3932 inisse
930 3871 959 3932 in
982 3871 1109 3950 pretio.“

305 3968 383 4044 „His
418 3976 515 4031 autem
550 3972 643 4033 tribus
678 3972 918 4053 iocupletissimis
953 3976 1080 4036 testibus
1114 3975 1344 4060 innumerabiles

216 4072 300 4149 aiios,
318 4071 428 4152 siquid
445 4092 521 4154 opus
538 4081 628 4151 esset,
646 4074 813 4158 adjungere
828 4096 996 4158 possemus,
1012 4078 1158 4156 Photinm,
1175 4079 1344 4160 Maximum,

217 4176 438 4239 Theodoretum
462 4184 660 4258 caeterosque
684 4198 799 4259 onanes,
823 4183 872 4261 qui
895 4181 934 4244 de
958 4183 1012 4244 bac
1035 4182 1192 4264 Poiycarpi
1217 4185 1344 4265 epistola

217 4280 325 4360 aiiquid
343 4280 484 4360 deinceps
501 4283 618 4363 scriptis
635 4284 857 4348 mandaverunt.
889 4283 947 4348 Se'd
964 4306 1030 4350 cum
1047 4287 1173 4365 illorum,
1194 4306 1271 4368 quos
1283 4290 1344 4371 jam

216 4384 380 4461 citavimus,
404 4384 553 4466 diligentia
578 4396 608 4450 et
630 4388 688 4451 iide
712 4389 791 4451 nniia
815 4391 909 4471 major
932 4390 1097 4453 desiderari
1121 4399 1227 4472 queat,
1251 4394 1344 4457 inutili

216 4487 341 4551 aliorum
365 4489 533 4551 nominatim
556 4492 799 4572 appellandorum
819 4512 912 4575 opera
927 4494 1064 4557 iubenior
1080 4496 1342 4577 supersedemus.“

253 4640 280 4703 i)
299 4639 365 4692 nav.
379 4640 448 4693 itaer.
461 4641 503 4707 iii,
516 4642 541 4695 3.
572 4644 646 4713 Apud
666 4649 764 4701 Euseb-
829 4648 858 4716 3)
876 4649 940 4702 iiist.
959 4650 1022 4701 ecci.
1041 4648 1084 4713 tu,
1104 4650 1146 4705 ii.

217 4726 280 4778 iiist.
300 4726 362 4779 ecci.
382 4726 424 4791 iV,
446 4727 486 4779 ii.
830 4736 859 4800 4)
878 4735 917 4788 iia
935 4738 998 4788 viris
1017 4737 1106 4789 iiiustr.
1126 4754 1149 4792 c.
1171 4737 1211 4793 ii.

253 4812 281 4889 2)
302 4811 364 4866 ilict.
384 4814 448 4868 occi.
467 4813 510 4886 lli,
528 4815 571 4873 36.
