3067 6450
414 1182 552 1241 nanum
572 1182 705 1237 etstan.
743 1181 839 1237 triten
859 1182 899 1237 111.
937 1182 1059 1237 stutttr.
1078 1183 1119 1237 lx
1264 1187 1330 1253 423

293 1347 355 1410 XV.
401 1348 437 1411 El
461 1346 538 1409 dixi:
565 1347 756 1426 „demonstra
779 1344 865 1423 mihi,
890 1345 1019 1424 domine,
1042 1345 1160 1407 nomina
1184 1345 1330 1428 virginum

201 1451 310 1514 harum
334 1458 363 1515 el
395 1453 549 1514 mulierum
581 1451 711 1529 illarum,
744 1469 820 1531 quae
852 1451 936 1533 nigra
967 1458 1053 1513 veste
1083 1456 1150 1512 sunt
1181 1449 1329 1513 inaurant

205 1556 357 1636 ,Antist
390 1559 498 1639 inquit:
531 1555 698 1636 ¹„nomina
730 1556 895 1637 virginum,
928 1574 1005 1637 quae
1035 1556 1221 1637 potentiores
1252 1562 1330 1632 sunt,

203 1681 284 1745 quae
300 1663 494 1724 obtinuerunt
510 1662 634 1742 angulos
652 1668 767 1743 partas,
791 1661 866 1724 hacc
883 1670 968 1725 sunt:
994 1664 1085 1744 prima
1101 1668 1226 1723 iocatur
1239 1662 1330 1740 fides,

202 1767 338 1830 secunda
353 1766 555 1843 abstinentia,
580 1769 664 1829 tertia
679 1774 832 1848 potestas,
857 1773 961 1847 quarte
975 1767 1139 1846 patientia.
1188 1766 1331 1828 Caeteros

202 1879 319 1947 autem,
355 1888 432 1950 quoe
463 1869 539 1933 inira
574 1870 626 1932 has
663 1873 850 1949 consistunt,
884 1872 929 1933 his
963 1873 1131 1934 nominibus
1165 1879 1330 1934 irocantur:

201 1977 411 2058 simplicitas,
450 1975 647 2054 innocentia,
682 1979 829 2053 castitas,
853 1977 1016 2054 hilaritas,
1047 1978 1181 2055 ceritas,
1212 1977 1330 2038 intelli-

200 2084 329 2166 pentia,
362 2081 549 2157 concordia,
583 2083 731 2144 claritas.
778 2082 963 2161 Quicumque
994 2083 1094 2162 itaquo
1116 2087 1235 2163 portant
1257 2081 1331 2144 haec

202 2189 324 2252 nomina
359 2191 388 2248 et
419 2203 527 2247 nornen
552 2185 616 2248 Filii
640 2187 713 2266 Dei,
745 2188 773 2249 in
805 2205 931 2268 regnum
954 2185 1009 2246 ilci
1039 2190 1179 2266 poterunt
1210 2187 1330 2248 intrare.

203 2291 311 2356 ²Audr
334 2310 412 2354 nunc
436 2289 588 2353 mulierum
612 2292 748 2370 nornine,
781 2310 858 2372 quac
889 2292 972 2372 nigra
996 2295 1081 2351 reste
1105 2291 1229 2350 vestitae
1253 2295 1328 2352 sunt.

202 2398 250 2461 Ex
274 2398 320 2460 his
345 2403 474 2478 quatuor
496 2397 683 2478 potentiores
707 2403 789 2459 sunt:
823 2414 945 2476 quarum
969 2395 1060 2475 prima
1086 2395 1243 2473 perfidia,
1275 2411 1329 2455 se·

204 2501 300 2566 cunda
324 2502 580 2580 intemperantia,
614 2502 698 2563 tertia
723 2501 944 2576 incredulitas,
976 2505 1080 2579 quarta
1103 2499 1245 2579 uoluptas
1268 2514 1329 2559 no-

202 2608 340 2669 minatur.
387 2605 554 2686 Sequentes
578 2626 651 2668 vero
675 2605 777 2668 harum
801 2607 844 2667 sic
867 2606 1071 2667 nominantur:
1096 2603 1238 2679 tristitia,
1261 2620 1328 2663 ma-

202 2713 292 2787 litia,
317 2709 434 2788 libido,
459 2712 640 2786 iracundia,
663 2710 868 2786 mendacium,
892 2709 1036 2784 stultitia,
1060 2708 1191 2786 inflatio,
1217 2707 1329 2769 odium.

200 2815 265 2877 llos
287 2814 410 2895 spiritus
434 2814 483 2895 qui
508 2820 605 2896 portat
621 2815 675 2877 Dei
699 2833 817 2894 servus,
840 2834 965 2897 regnum
987 2813 1042 2875 Dei
1065 2813 1176 2874 videbit
1201 2811 1329 2894 quidem,

200 2918 257 2983 sed
282 2938 341 2983 non
367 2921 484 2983 intrabit
507 2920 535 2982 in
560 2919 662 2981 illud.“
713 2919 859 3002 „Lapides
883 2939 956 2981 vero
980 2919 1037 2996 illi,
1061 2918 1193 2996 domine,
1217 2918 1266 2999 qui
1291 2916 1329 2979 do

200 3023 355 3106 profundo
380 3025 581 3087 instructura
605 3026 692 3106 aptati
715 3030 800 3101 sunt,
831 3025 880 3103 qui
904 3022 1015 3084 sunt?“
1062 3020 1255 3100 ³,Decem,“
1278 3021 1328 3082 in·

201 3131 284 3212 quit,
320 3133 388 3211 „qui
413 3132 442 3192 in
466 3129 663 3192 laudamentis
687 3130 823 3191 collocati
847 3135 931 3205 sunt,
962 3127 1085 3207 primurn
1108 3125 1240 3187 seculum
1264 3130 1327 3199 est3

203 3231 399 3316 ⁴sequentes
424 3236 698 3319 vigintiquinque,
728 3232 917 3297 ⁵seeundurn
950 3232 1082 3295 seculum
1115 3238 1161 3293 est
1181 3233 1329 3313 justorum

204 3340 348 3403 virorum.
394 3340 438 3403 llli
467 3348 563 3403 autom
595 3337 742 3424 ⁶trigints
774 3342 923 3420 quinque,
953 3336 1119 3419 Prophetae
1150 3335 1267 3398 Domini
1295 3351 1330 3396 ec

204 3445 331 3506 ministri
366 3451 442 3506 sunt.
500 3439 728 3527 ⁷Oundraginta
759 3464 833 3507 roro
863 3445 1000 3526 Apostoli
1033 3449 1061 3505 el
1092 3442 1230 3526 doctores
1250 3445 1331 3509 sunl

203 3548 437 3630 praedicationis
460 3548 523 3611 Filii
547 3549 631 3611 Dei.“
677 3549 712 3612 Et
737 3549 814 3612 dixi:
841 3569 913 3628 „cur
937 3567 1021 3631 ergo,
1045 3548 1172 3624 domine,
1197 3547 1330 3628 virgines

205 3652 276 3714 illae
299 3654 385 3715 etiarn
409 3653 463 3717 hos
488 3654 599 3735 lapides
624 3656 651 3716 in
675 3662 851 3717 structuram
876 3655 965 3716 turris
986 3658 1204 3734 porrexerunt,
1228 3658 1330 3712 trans-

205 3756 284 3820 latos
305 3775 360 3838 per
383 3759 543 3841 portam?“
591 3757 626 3821 Et
649 3759 734 3821 dixit:
760 3759 809 3837 „lii
832 3760 910 3820 enim
933 3759 1017 3839 primi
1034 3758 1152 3838 spiritus
1170 3753 1235 3816 illos
1254 3772 1330 3835 por·

204 3866 361 3941 laverunt,
385 3869 414 3924 et
437 3865 557 3925 omnino
581 3864 654 3926 alius
678 3865 713 3925 ab
737 3864 795 3926 alio
818 3882 878 3926 non
902 3870 1104 3938 recesserunt,
1130 3879 1185 3921 nec
1208 3859 1329 3939 spiritus

205 3965 243 4027 sb
267 3965 453 4047 hominibus,
483 3987 539 4031 neo
563 3968 696 4030 hominos
720 3988 736 4029 a
760 3969 911 4049 spiritibus
920 3988 928 4043 3
959 3965 1013 4028 sed
1040 3966 1134 4048 juncti
1159 3964 1276 4026 luerttnt
1299 3961 1329 4023 hi

205 4069 327 4151 spiritus
351 4072 394 4134 eis
418 4072 572 4152 usquead
596 4070 672 4134 diem
698 4075 821 4154 quietis3
853 4074 902 4153 qui
926 4072 981 4134 nisi
1005 4070 1060 4131 hos
1082 4071 1204 4149 spiritus
1227 4085 1329 4131 secum
1389 4065 1397 4080 ⁸

204 4176 396 4256 habuissent,
420 4197 480 4241 non
504 4177 631 4241 luissent
655 4180 741 4242 utiles
764 4184 932 4242 structurae
955 4174 1042 4236 turris
1065 4172 1182 4255 hujus.“

241 4332 269 4395 1)
288 4327 339 4382 co.
360 4333 459 4383 nomina
485 4334 612 4400 virginum
638 4334 754 4384 similium
783 4332 906 4384 Christum
930 4330 1030 4379 vixisse.
1069 4326 1142 4380 liele.
1179 4325 1235 4378 lion
1261 4325 1329 4376 anim

205 4417 256 4468 Vis.
276 4417 302 4482 3,
323 4418 349 4469 8.
385 4418 497 4469 Laudant
523 4418 547 4471 h.
573 4419 589 4471 1.
616 4424 753 4490 tlriyenes,
783 4420 815 4470 do
834 4417 921 4469 seculo
940 4415 1054 4467 secundo
1073 4418 1212 4480 ecclcsiae,
1232 4412 1277 4462 sed
1297 4410 1329 4462 de

205 4503 273 4556 hom.
295 4504 326 4555 13
349 4506 375 4555 in
393 4504 488 4556 Eaeclr.
509 4513 535 4557 cl
554 4504 651 4558 Auctor
670 4508 756 4575 operis
782 4505 870 4558 secolo
902 4502 1016 4555 secundo
1057 4504 1170 4554 virorum
1202 4500 1328 4564 justorum

205 4591 305 4659 imperi.
326 4594 350 4642 in
370 4590 456 4642 llattlr.
478 4591 519 4657 19,
539 4593 580 4644 28.
787 4595 885 4646 Veteris
920 4593 1080 4644 Testamenti
1117 4596 1205 4639 auctor
1241 4589 1329 4633 noster

240 4679 269 4740 2)
290 4676 342 4729 co.
355 4693 430 4745 supra
447 4694 469 4729 c.
486 4679 525 4730 13.
545 4695 572 4746 p.
584 4679 643 4731 421.
662 4686 714 4730 not.
730 4680 753 4730 5.
782 4679 903 4747 loquitar,
923 4676 989 4746 quod
1003 4676 1077 4728 lacile
1096 4690 1128 4725 cx
1147 4687 1199 4738 cap.
1215 4669 1245 4719 16
1264 4683 1327 4735 per·

242 4765 272 4833 3)
290 4764 355 4815 Vide
374 4780 450 4833 supra
469 4780 491 4817 c.
511 4765 534 4818 3.
782 4768 894 4833 spiritur.

240 4852 270 4919 4)
290 4851 354 4902 Vide
373 4867 448 4918 rupta
467 4869 489 4903 c.
510 4854 533 4905 4.
816 4852 845 4913 6)
865 4851 929 4902 Vide
948 4864 1023 4917 supra
1042 4864 1064 4897 c.
1084 4847 1109 4896 1.

241 4940 269 5002 5)
302 4938 367 4989 ilinc
404 4940 534 4991 concludit
570 4943 755 4996 darhrnannus
817 4939 846 5005 7)
865 4937 928 4989 ibid.
947 4952 973 5003 p.
992 4935 1052 4986 412.
1072 4940 1124 4984 not.
1143 4931 1168 4980 7·

204 5041 231 5093 p.
251 5024 294 5090 32,
321 5023 439 5077 llerrnmn
459 5026 547 5078 seculo
566 5027 680 5079 secando
697 5034 755 5095 post
