3067 6450
188 1193 216 1245 S.
237 1189 442 1260 brunantun]
629 1190 883 1247 ruolaoouuttu.
1269 1197 1315 1250 XV

232 1350 275 1436 β)
299 1352 409 1414 Eadem
427 1353 454 1414 in
471 1353 617 1427 omnibus,
638 1370 714 1432 quos
730 1352 883 1428 babemus,
902 1354 1020 1435 graecis
1037 1355 1191 1417 codicibus
1209 1362 1314 1420 exstat

232 1456 271 1539 p)
300 1456 366 1519 Non
398 1457 493 1518 minus
524 1458 552 1519 in
583 1456 792 1518 sticbometriis
822 1464 956 1519 veterum
986 1477 1055 1539 pars
1084 1460 1159 1521 baec
1182 1460 1315 1523 secunda

299 1564 516 1624 numerabatur.

233 1661 274 1748 d)
298 1665 396 1727 Sancti
411 1666 491 1728 Pauli
515 1682 636 1745 quoquc
660 1664 805 1744 epistolae
827 1665 902 1745 parti
923 1663 1085 1728 didacticne
1102 1665 1223 1731 alteram
1240 1685 1315 1749 par·

300 1777 359 1831 tem
382 1773 597 1850 paraeneticum
620 1768 795 1850 adjungunt.

233 1871 269 1958 e)
300 1873 331 1936 ln
354 1881 437 1955 parte
461 1875 592 1937 secunda
616 1873 654 1936 de
678 1874 793 1935 duabus
816 1874 872 1935 uiis
895 1872 1070 1950 disseritur,
1102 1892 1225 1954 quarum
1252 1876 1315 1956 jam

300 1980 329 2039 in
352 1986 435 2059 parte
459 1979 550 2059 prima
575 1997 638 2058 cap.
662 1975 683 2040 4
706 1985 734 2040 et
759 1975 779 2042 6
803 1979 913 2040 mentio
938 1977 1034 2039 luerat
1058 1977 1144 2038 iacta.

234 2077 272 2164 ζ)
301 2082 374 2163 Styli
398 2082 595 2142 diversitatem
619 2100 659 2143 ex
682 2082 802 2143 diversa
824 2084 979 2162 utriusque
998 2083 1090 2162 partis
1107 2080 1206 2145 indole
1223 2090 1317 2147 ortam

301 2204 371 2248 esse
393 2185 480 2247 facile
503 2187 708 2267 perspicimus.

280 2284 309 2350 2.
354 2289 459 2350 Prima
481 2308 602 2370 quoquc
627 2291 771 2370 epistolae
793 2307 863 2370 pars
887 2290 1003 2373 integra
1033 2296 1062 2351 et
1088 2292 1124 2354 ab
1149 2292 1317 2374 interpota-

189 2393 322 2456 tionibus
345 2394 438 2456 libera
462 2402 508 2456 est
530 2393 702 2475 reputanda.

234 2496 276 2582 α)
300 2499 420 2580 Singula
444 2499 522 2560 enirn
546 2500 642 2580 capita
664 2498 750 2560 utrius
774 2499 941 2581 argumenti
964 2505 1033 2561 sunt
1053 2505 1164 2581 parles,
1188 2518 1317 2581 cumque

302 2602 411 2666 habent
434 2603 536 2683 linem,
561 2611 592 2666 ot
616 2603 846 2683 demonstretur,
869 2605 1050 2669 ludaismum
1074 2626 1143 2669 esse
1165 2607 1316 2685 abolitum,

302 2728 459 2799 novaeque
489 2729 557 2772 eum
589 2713 784 2773 oeconomiae
811 2711 912 2774 salutis
943 2713 1091 2790 cessisse,
1123 2731 1209 2792 quoin
1239 2712 1317 2794 typis

299 2818 540 2897 praemonstrare
559 2816 621 2896 jam
644 2816 680 2878 ab
705 2817 787 2879 initio
810 2815 951 2878 ludaismi
976 2833 1082 2879 munus
1105 2821 1178 2878 crat.

234 2916 279 3003 β)
301 2919 416 2982 Falsum
440 2926 495 2998 est,
519 2919 599 3000 quod
616 2919 813 2984 Scbenbelius
835 2920 997 2998 contendit,
1020 2927 1107 3000 caput
1122 2927 1240 2982 sextum
1255 2937 1316 2983 non

302 3042 368 3085 cum
390 3025 527 3104 septimo,
550 3025 605 3087 sed
622 3026 738 3088 demum
754 3044 821 3087 com
838 3027 925 3088 tertio
943 3024 1059 3087 decimo
1078 3026 1219 3087 orationis
1235 3043 1316 3089 nexu

302 3146 371 3190 csse
395 3129 594 3210 conjunctum.
639 3129 681 3193 Ea
705 3131 784 3192 enirn
804 3131 908 3212 capita,
937 3147 1014 3210 quae
1038 3128 1234 3192 Scbenbelius
1259 3129 1317 3192 de-

302 3232 388 3295 lenda
411 3240 502 3314 putat,
525 3254 550 3295 c.
575 3234 681 3299 7-12
705 3236 782 3313 incl,
805 3237 846 3298 nit
868 3236 963 3313 aliud,
986 3235 1041 3295 nisi
1065 3235 1317 3296 continuationem

303 3339 506 3400 antecedentis
518 3337 788 3418 demonstrationis,
800 3358 907 3401 nouam
921 3339 1126 3400 oeconomiam
1138 3336 1317 3398 nlndaismo

302 3442 378 3524 typis
402 3441 495 3506 inisse
518 3444 824 3523 praemonstrandum,
848 3443 1009 3506 continent.

234 3543 274 3628 7)
303 3546 369 3608 buo
392 3547 448 3610 alia
472 3565 593 3628 quoque
615 3548 726 3629 capita,
755 3544 793 3610 15
818 3554 848 3609 et
873 3543 922 3625 16,
946 3563 1022 3626 quac
1046 3543 1226 3610 Scbenbelio
1251 3542 1317 3607 dis·
1441 3561 1451 3572 ·

301 3651 428 3733 plicent,
451 3653 569 3714 minime
592 3658 659 3714 sunt
682 3652 863 3735 rejicienda,
892 3654 1003 3734 qnippe
1026 3669 1102 3731 quae
1125 3650 1161 3712 ad
1186 3650 1319 3714 demon·

301 3758 473 3819 strationem
496 3776 625 3820 necesse
647 3760 824 3839 pertineant
869 3757 983 3832 Quodsi
1007 3758 1084 3820 enim
1115 3756 1235 3817 abolitio
1258 3753 1318 3818 Ju-

303 3859 407 3924 daismi
431 3861 527 3925 iuerat
550 3861 792 3942 demonstranda,
817 3864 904 3925 ctiam
927 3864 964 3925 de
980 3863 1176 3945 abrogatione
1193 3859 1318 3923 sabboti

303 3962 348 4049 (c.
375 3963 433 4050 15)
457 3972 487 4028 et
510 3967 614 4044 tempti
637 3964 682 4050 (c.
709 3964 769 4049 16)
792 3968 884 4030 verba
908 3966 1044 4029 iacienda
1068 3970 1162 4028 erant.

236 4064 277 4152 d)
300 4068 410 4151 Capita,
435 4070 614 4134 Scbenbelio
638 4071 834 4152 displicentia,
858 4090 917 4134 non
938 4073 1023 4135 aliter
1039 4071 1077 4133 de
1095 4069 1190 4132 veteri
1208 4069 1319 4131 Testa-

304 4181 403 4237 mento
427 4174 591 4256 disputant,
614 4195 650 4239 ac
674 4194 719 4254 ea,
743 4195 820 4256 quae
843 4195 898 4257 pro
922 4177 1061 4258 genuinis
1083 4180 1153 4238 sunt
1176 4179 1319 4255 reputata.

303 4278 418 4359 Ubique
442 4277 518 4341 idem
542 4279 646 4342 icrvor
668 4289 772 4345 contra
794 4281 976 4347 Judnismunr
997 4284 1083 4345 nobis
1107 4282 1246 4344 occurrit.

235 4380 272 4468 a)
302 4384 460 4466 Perperam
484 4385 681 4448 Scbenbelius
704 4387 850 4466 affirmat,
884 4386 922 4449 de
953 4405 1034 4452 novo
1066 4404 1187 4467 quoque
1210 4384 1320 4447 Testa·

303 4485 403 4552 mento
427 4492 575 4552 contraria
599 4490 702 4554 doceri
726 4494 755 4554 in
779 4491 905 4554 dirersis
929 4492 1081 4572 capitibus.

237 4587 275 4674 ζ)
303 4591 369 4655 lam
392 4593 530 4658 Clemens
553 4595 793 4673 Alexandrinus,
823 4598 872 4676 qui
897 4596 1007 4676 primus
1030 4596 1175 4676 epistolae
1198 4600 1321 4657 nostrae

301 4700 447 4777 meminit,
480 4701 575 4781 capita
604 4700 659 4761 istn
689 4699 876 4781 displicentia
904 4699 976 4782 legit
999 4707 1029 4761 et
1052 4699 1198 4777 laudavit,
1231 4703 1260 4759 et
1282 4714 1321 4758 na

303 4803 452 4865 minimum
476 4805 595 4883 quidem
619 4804 854 4884 interpolationis
879 4805 1078 4867 testimonium
1102 4804 1182 4866 ullibi
1212 4806 1319 4862 exstat.

282 4905 327 4968 vt.
363 4905 408 4967 De
432 4906 580 4970 doctrina
596 4906 749 4971 barnabae
773 4908 826 4972 clr.
846 4908 977 4971 libellum
995 4928 1108 4971 mcum:
1132 4906 1202 4967 Das
1217 4903 1320 4965 Sand-

194 5009 358 5076 rcbraiben
381 5010 437 5076 der
459 5010 495 5073 d
518 5010 689 5076 Barnabas
713 5020 770 5076 etc.
796 5031 824 5094 p.
848 5008 1030 5078 ata-262.
1076 5011 1121 5072 De
1152 5004 1257 5069 eadem
1286 5026 1321 5071 re

1251 5303 1322 5316 Α
