3067 6450
411 1168 442 1225 u.
461 1167 647 1226 addentis
665 1168 710 1223 ΑΙ)
730 1165 806 1223 COR.
825 1167 867 1224 ut
886 1168 929 1225 Ν.
947 1168 977 1224 V.
1200 1175 1263 1240 139

135 1333 231 1398 ¹eum
253 1331 447 1411 confitemur,
475 1351 641 1414 perquem
664 1332 776 1396 servati
799 1352 911 1398 sumus.
957 1334 989 1397 tn
1013 1353 1142 1416 qironom
1166 1341 1265 1398 eutem

132 1439 214 1503 ilium
236 1436 469 1500 confitebimur?
506 1437 666 1515 Facienda,
690 1456 769 1519 quoe
792 1438 871 1517 dicit,
896 1446 927 1502 et
946 1441 1082 1503 mendeto
1105 1440 1182 1503 iliius
1204 1457 1265 1502 non

132 1542 317 1627 spernendo,
342 1560 399 1604 neo
420 1543 522 1606 solum
533 1542 618 1605 tabiis
634 1561 702 1606 eum
720 1542 908 1623 honorando,
931 1542 986 1606 sed
1010 1542 1074 1607 ²ex
1090 1552 1154 1609 toto
1170 1544 1265 1607 corde

133 1655 163 1711 et
187 1667 228 1710 ex
250 1653 310 1709 tote
335 1656 442 1709 mente.
489 1647 565 1710 Dicit
594 1649 672 1710 enim
704 1649 733 1710 in
757 1647 861 1710 Esaia:
894 1644 1059 1728 mennon
1085 1651 1145 1713 irte
1168 1648 1264 1712 tediis

131 1773 180 1816 me
201 1753 358 1828 donorum·
380 1772 438 1817 eor
461 1761 562 1816 autem
585 1772 692 1818 eorum
715 1752 808 1833 tonpe
832 1752 921 1817 obest
941 1771 963 1815 a
984 1772 1039 1816 me.

366 1941 414 2006 tv.
464 1940 542 2019 Ouio
566 1942 721 2007 Christum
743 1963 815 2008 nere
840 1947 1032 2027 confiteatur.

223 2066 291 2131 Non
315 2066 410 2130 solum
434 2067 524 2148 igitur
545 2067 642 2148 ipsum
665 2085 810 2130 vocemus
833 2067 990 2131 Dominum
1000 2088 1009 2144 ;
1041 2066 1070 2129 id
1102 2068 1179 2130 enim
1203 2085 1264 2131 non

133 2172 260 2236 salvabit
284 2189 348 2233 nos.
388 2170 463 2233 Dicit
478 2171 574 2233 enim:
599 2167 612 2206 ⁴
628 2190 693 2233 non
707 2172 819 2249 omnir,
842 2174 896 2253 qui
914 2173 992 2235 dicit
1007 2173 1099 2233 midi:
1121 2172 1264 2248 Domine,

135 2279 289 2353 Domine,
312 2276 504 2354 salvabitur,
527 2276 584 2339 red
607 2278 660 2356 qui
682 2274 764 2354 fucit
781 2277 950 2354 justitiam.
996 2276 1117 2358 ltaque,
1145 2276 1265 2355 iratres,

136 2385 165 2446 in
188 2382 331 2463 operibus
355 2383 450 2462 ipsum
473 2379 677 2458 confiteamur,
701 2382 730 2442 in
755 2381 907 2462 diligendo
932 2378 1008 2444 tatii
1033 2382 1118 2460 otios,
1150 2383 1179 2444 in
1204 2400 1264 2444 oon

135 2486 342 2563 adulterando,
367 2503 466 2565 neque
489 2486 685 2548 obtrectando
709 2487 847 2563 invicem,
871 2504 970 2566 oeqiie
993 2486 1185 2563 demutando,
1209 2486 1263 2549 sed

136 2591 268 2652 vivendo
294 2591 321 2651 in
344 2591 545 2666 continentie,
571 2588 792 2665 misericordia,
816 2591 966 2666 bonitate3
999 2596 1028 2651 et
1055 2593 1264 2672 compassione

136 2704 234 2759 mutue
252 2697 318 2757 duci
335 2695 488 2771 debemus,
513 2713 571 2758 non
591 2697 737 2777 pecuniae
754 2695 922 2774 cupiditate.
960 2692 991 2755 lo
1016 2696 1099 2757 hisce
1119 2698 1265 2776 oporibus

136 2800 331 2863 confiteamur
355 2793 469 2878 ⁶eum,
491 2817 550 2862 noo
575 2807 672 2863 eutem
696 2801 725 2862 in
748 2800 922 2874 contrariis;
949 2817 1007 2862 nec
1032 2801 1151 2862 timendi
1176 2789 1264 2863 nobis

136 2913 205 2967 sunt
231 2903 376 2980 tornines,
399 2906 453 2965 sed
479 2904 570 2966 Deus.
616 2904 747 2989 idcirco.
766 2905 853 2967 notris
877 2901 951 2965 heco
975 2903 1162 2982 iacientibus,
1190 2904 1265 2965 dixit

137 3009 300 3071 Dominus:
326 3001 381 3068 'ei
401 2996 530 3085 sue'ritie
552 3027 668 3070 meeum
691 3008 871 3089 conprepati
894 3009 926 3069 in
949 3009 1122 3085 circumeo,
1146 3017 1176 3069 et
1200 3025 1265 3069 non

136 3114 280 3193 feceritis
301 3113 454 3174 mandate
475 3131 560 3190 meo,
584 3112 732 3192 adjiciam
754 3131 830 3188 eor,
854 3120 885 3173 et
907 3113 1011 3174 dicem
1033 3112 1142 3174 vodis:
1165 3104 1263 3171 31113-

139 3216 240 3280 cedite
264 3235 284 3278 a
306 3236 363 3293 me,
387 3219 493 3280 nereio
517 3236 585 3295 eos,
608 3217 692 3282 uode
714 3218 796 3294 ritis,
826 3216 968 3297 operarii
991 3215 1177 3297 iniquitatis.

139 3408 172 3470 V.
222 3406 460 3473 Contemnamus
481 3409 640 3487 mundum,
665 3414 696 3469 et
716 3406 940 3470 contendamus
964 3408 1007 3469 ed
1029 3405 1159 3468 atterius
1182 3407 1266 3468 vitoe

605 3513 799 3593 felicitatem.

227 3631 352 3711 Idcirco,
376 3633 495 3713 iratres,
518 3634 658 3699 derelicto
679 3634 923 3717 peregrinatione
943 3633 1099 3713 mundone,
1124 3632 1266 3697 iaciemus

141 3736 321 3799 voluntatem
344 3739 428 3821 ejus,
458 3740 508 3819 qui
532 3744 650 3803 vocavit
672 3759 745 3816 nos,
781 3748 809 3803 et
834 3759 851 3803 e
875 3740 985 3802 mundo
1009 3741 1066 3803 hoe
1097 3741 1182 3802 exire
1206 3756 1267 3803 non

141 3842 304 3904 timeamus.
349 3841 400 3905 Ao
429 3845 516 3906 enim
539 3845 697 3908 Dominus:
733 3839 851 3909 ἱἐνὶεἱε
882 3845 966 3908 vetut
995 3844 1070 3925 opni
1101 3845 1134 3905 in
1164 3844 1266 3907 medio

141 3946 295 4025 luporum.
342 3942 580 4029 ¹⁰Rcspondens
603 3958 701 4013 eutem
724 3949 827 4013 Petrus
851 3951 879 4013 ei
902 3951 959 4011 eit:
985 3947 1050 4011 ¹¹ri
1075 3959 1176 4011 eutem
1200 3949 1266 4030 tupi

142 4069 240 4130 opnor
272 4049 525 4129 discerpserint?
569 4052 733 4136 Respondit
761 4053 852 4117 Jesus
882 4054 987 4116 Petro:
1029 4048 1052 4089 ¹²
1069 4073 1107 4115 ne
1138 4055 1267 4118 timeant

141 4154 214 4234 opni
234 4162 308 4231 poet
329 4165 457 4218 mortem
474 4176 564 4220 suem
582 4159 685 4238 lupos,
712 4155 779 4220 ¹³et
797 4178 855 4222 eos
873 4158 970 4222 notite
992 4158 1098 4219 timere
1120 4177 1187 4235 eos,
1212 4157 1269 4240 ped

142 4256 289 4321 occidunt
308 4278 376 4336 noe,
400 4271 429 4324 et
451 4259 561 4325 deinde
584 4263 664 4325 mitit
685 4262 776 4327 vodis
788 4260 1067 4341 posruotsocere5
1089 4262 1146 4324 red
1167 4264 1268 4325 timete

174 4482 205 4547 6)
224 4480 262 4535 lte
277 4482 368 4536 Bothe.
393 4483 443 4537 Atii
455 4482 550 4554 [Ordo]
568 4502 615 4539 reu
632 4483 693 4555 [τόν
739 4486 785 4552 10)
802 4484 841 4537 De
866 4483 909 4535 tuli
935 4482 1066 4553 colloquio
1091 4482 1184 4535 Christi
1210 4498 1266 4534 cum

144 4564 230 4638 Ome]-
721 4571 795 4624 Petro
821 4572 921 4639 reperio
947 4570 1007 4622 nihil
1033 4572 1057 4621 in
1081 4570 1106 4621 S.
1129 4570 1266 4636 Scriptum.

175 4656 204 4720 1)
223 4654 280 4708 Nou
301 4664 342 4707 est
360 4658 385 4718 iu
404 4656 429 4709 S.
450 4656 587 4726 Scriptura.
624 4656 691 4711 For·
719 4658 797 4712 Forte
820 4667 902 4711 sumtu
925 4665 983 4709 sunt
1002 4672 1033 4708 ex
1053 4656 1199 4724 apocrypha
1218 4654 1268 4705 ui-

145 4744 207 4795 riteu
228 4758 260 4796 ex
273 4742 417 4812 Evangelio
430 4747 569 4797 secundum
583 4743 691 4814 Aegyp·
720 4763 770 4817 qun
787 4746 901 4798 historin.
931 4741 1003 4794 Bois.

145 4830 200 4880 tios.
226 4834 318 4881 Worr.
739 4834 784 4898 11)
805 4831 855 4884 cn.
875 4830 934 4881 Luc.
956 4829 997 4892 10,
1016 4827 1040 4881 3.

178 4914 206 4978 8)
225 4914 312 4968 dietih.
333 4917 358 4981 7,
378 4914 420 4969 23.
456 4914 516 4971 Luc.
537 4916 578 4984 13,
598 4917 640 4971 2⁷.
740 4920 783 4982 12)
802 4918 858 4969 Non
879 4925 919 4968 eet
936 4917 960 4967 in
978 4914 1004 4967 S.
1025 4913 1163 4981 Scriptura.

179 5000 207 5067 9)
226 5001 312 5056 tisim
334 5002 376 5069 10,
398 5000 437 5058 16.
738 5003 785 5070 ts)
806 5001 890 5058 dietih.
913 5001 961 5069 10,
980 5000 1022 5054 28.
1058 4999 1117 5052 Luc.
1140 4999 1181 5066 12,
1200 4999 1225 5052 t.
1244 4999 1269 5053 5.
