3067 6450
447 1941 774 2060 [lubuit]
825 1940 1155 2058 Pusuou.

686 2189 920 2201 *-

542 2323 750 2388 ursum
787 2322 1060 2405 unimus,

690 2480 732 2529 our
752 2479 913 2520 mscamrua:

613 2602 991 2687 abstultas.

736 2915 821 2999 tisiu
849 2917 874 2999 i.

244 3097 363 3160 Contra
386 3105 492 3174 turpes
514 3102 545 3155 et
566 3093 668 3155 elutus
696 3091 922 3172 coqitatiouer,
955 3101 986 3156 et
1008 3095 1212 3175 neqtiqeutem
1232 3094 1348 3157 Hm

599 3199 735 3278 fitiorum
759 3198 1003 3277 corttqatioaem.

328 3324 349 3387 1.
389 3324 446 3398 Qui
467 3323 649 3386 enutriverat
670 3341 727 3399 me,
751 3319 882 3382 vendidit
900 3320 1054 3401 quamdam
1069 3321 1201 3402 puellam
1227 3320 1347 3385 'Romae

240 3428 310 3490 Post
333 3430 439 3491 muttos
462 3433 558 3490 autem
582 3444 676 3488 anuos
699 3424 776 3486 bano
799 3426 891 3486 visam
923 3443 983 3508 ego
1010 3428 1196 3509 recognovi,
1227 3435 1257 3490 et
1279 3421 1348 3504 coepi

242 3554 305 3595 eaor
330 3534 457 3615 diligere
481 3539 511 3594 ut
536 3529 707 3593 ²sororem.
745 3528 859 3592 Exacto
875 3537 972 3592 autem
989 3537 1123 3612 tempore
1139 3531 1252 3613 atiquo,
1274 3526 1347 3594 tami

242 3657 305 3699 eam
332 3639 360 3699 iu
385 3638 504 3698 ssuurine
521 3636 621 3698 Tiberi
646 3633 715 3711 vidi,
739 3641 769 3695 et
793 3635 914 3714 porrexi
939 3635 966 3697 ei
989 3654 1114 3714 manum,
1139 3642 1171 3699 et
1189 3637 1278 3700 eduxi
1298 3652 1347 3697 eau

242 3762 259 3804 a
283 3743 411 3804 flumine.
459 3742 588 3821 Visaque
612 3759 647 3801 ea
672 3737 837 3821 cogitabam
860 3738 890 3800 in
912 3737 1005 3800 corde
1026 3758 1104 3819 meo,
1127 3739 1249 3804 diceus:
1273 3740 1347 3821 ,tatu

242 3865 351 3922 essem,
375 3846 400 3906 si
425 3844 512 3905 talem
537 3862 672 3920 uxorem,
695 3849 725 3905 et
747 3844 850 3924 specie
873 3850 903 3905 et
926 3827 1068 3922 moribus,
1091 3848 1217 3910 sortitus
1239 3844 1346 3910 essem‘

241 3951 305 4010 Hoc
334 3950 447 4025 sotum,
481 3966 537 4011 neo
560 3948 633 4009 uttra
657 3948 817 4029 quidquam
840 3948 979 4028 cogitavi.
1023 3948 1092 4011 Post
1123 3956 1242 4032 tempus
1269 3957 1347 4014 autea

241 4051 370 4131 aliquod,
396 4071 461 4115 cum
485 4051 521 4113 iis
544 4052 773 4134 cogitationibus
794 4051 998 4133 proficiscens,
1021 4052 1255 4119 honorificabam
1276 4072 1347 4119 erea-

241 4162 335 4217 turam
360 4158 432 4233 Dei,
463 4158 614 4238 cogitans,
646 4175 733 4237 quam
764 4155 919 4238 magnifica
949 4162 978 4218 et
1000 4156 1122 4238 pulchra
1146 4159 1194 4221 sit.
1240 4159 1277 4223 Et
1297 4157 1348 4221 dun

242 4261 447 4338 ambulassem,
472 4261 646 4323 obdormivi.
691 4260 727 4322 Et
744 4261 865 4343 spiritus
885 4280 932 4323 me
951 4263 1057 4343 rapuit,
1081 4270 1111 4325 et
1132 4264 1199 4328 tulit
1216 4284 1265 4328 me
1287 4261 1348 4346 ’pet

242 4366 396 4445 quemdam
420 4366 517 4427 locum
541 4365 578 4426 ad
603 4364 766 4442 dexteram,
790 4384 955 4447 perquem
979 4384 1038 4428 uun
1062 4374 1182 4449 poterat
1200 4369 1288 4432 bomo
1307 4369 1347 4429 tter

241 4467 352 4531 iacere.
398 4468 468 4531 Erat
491 4478 588 4532 autem
612 4470 769 4532 locusiite
791 4469 821 4532 irr
844 4470 976 4552 rupibus,
999 4476 1029 4533 et
1044 4471 1198 4553 abruptus,
1221 4482 1252 4537 et
1268 4472 1345 4537 iarius

276 4658 303 4721 1)
330 4657 446 4709 Hermam
475 4662 573 4712 Romae
600 4659 709 4723 uixisse,
736 4674 788 4712 noa
816 4659 989 4724 nominabant,
1008 4667 1034 4711 ut
1051 4657 1138 4712 Folius
1158 4661 1191 4713 ad
1209 4660 1262 4713 bt.
1279 4669 1342 4711 nw-

240 4743 600 4806 sotumboctocoiudicatur,
616 4742 788 4799 redetinira:
816 4749 886 4798 tavit.
933 4746 984 4797 Sed
1012 4746 1054 4798 bie
1081 4746 1114 4798 do
1140 4766 1236 4803 aaron
1261 4741 1341 4815 pmii*

240 4835 268 4883 iu
285 4834 394 4899 stamine
410 4834 509 4897 Tiberi,
531 4838 556 4881 et
573 4828 622 4881 Via.
637 4828 681 4896 lu,
698 4832 725 4884 i:
744 4837 790 4887 via
816 4849 893 4886 seusu
912 4832 1073 4902 cogitandam
1092 4841 1140 4887 eat.

241 4920 383 4987 Carrrpuua,
404 4926 429 4967 et
449 4918 499 4968 vir.
519 4915 550 4981 ll,
570 4918 599 4967 1:
620 4920 722 4974 Cumie.
851 4919 880 4987 3)
899 4920 940 4974 Sc.
957 4921 983 4971 in
1002 4920 1110 4973 visione.

275 5003 305 5065 2)
326 5002 403 5055 Prisci
413 5003 500 5057 tidelm
509 5019 602 5058 uxorea
611 5022 789 5064 suanorum

106 5135 231 5264 ἱ
350 5305 353 5314 ,
