3067 6450
237 1180 293 1249 rvr
670 1188 925 1244 runcanouaun
1068 1186 1183 1257 [nnsr.
1202 1188 1228 1243 a.
1247 1187 1364 1260 anan]

238 1354 423 1437 disputarunt
439 1353 574 1429 Fronde,
598 1354 626 1414 in
643 1350 824 1412 Rndclbnch
845 1357 873 1412 el
893 1351 1043 1413 Gucrihc:
1065 1350 1206 1413 Zeitscbr.
1224 1350 1271 1413 lilr
1289 1351 1363 1414 luth.

237 1460 403 1542 Theologie
426 1465 481 1520 etc.
509 1456 600 1522 1840.
631 1457 713 1518 Fasc.
737 1456 787 1533 ll.,
818 1454 999 1535 Hilgenfeld
1021 1451 1089 1537 (die
1112 1455 1238 1535 apostol.
1262 1455 1363 1517 Viter.

240 1561 332 1627 1853.
365 1583 391 1646 p.
417 1561 458 1625 37
482 1559 567 1644 sqq.)
598 1569 628 1624 et
654 1580 715 1623 oon
743 1558 845 1635 Gilsc,
877 1557 983 1639 Hcpna
1013 1556 1179 1619 aldanias
1207 1559 1237 1620 in
1267 1560 1364 1620 tribus

238 1668 535 1731 commentationibus
559 1667 596 1728 dc
620 1663 771 1745 theologia
795 1669 909 1742 patrum
932 1660 1163 1741 apostolicorum
1186 1661 1301 1738 morali,
1326 1663 1364 1724 ab

237 1770 395 1833 Academia
412 1769 689 1853 Lugduno-Batava
709 1764 793 1830 1833
816 1767 948 1846 praemio
972 1768 1094 1829 ornatis.
1131 1766 1267 1847 Denique
1284 1785 1364 1830 anno

240 1873 323 1940 1854
348 1877 396 1938 Dc.
413 1876 548 1938 Lr'tblccrt
569 1875 607 1935 de
631 1872 782 1954 theologia
801 1872 918 1932 Patrum
942 1870 1173 1951 apostolicorum
1196 1873 1364 1953 generatim

237 1981 397 2064 disputavit
419 1982 447 2044 in
469 1980 617 2055 Niodner,
641 1975 809 2040 Zeitsohrill
832 1975 880 2038 hir
901 1975 1003 2037 histor.
1020 1976 1188 2058 Theolngie
1210 1977 1242 2038 t.
1258 1975 1363 2040 ttttv.

237 2106 262 2150 a.
291 2084 382 2151 1854.
406 2104 433 2166 p.
458 2082 521 2149 589
545 2101 610 2164 sqq.

323 2192 383 2253 Vll.
429 2190 498 2251 Post
534 2187 736 2268 Nicephorum
774 2183 969 2268 patriarcham
1007 2180 1364 2266 constantinopolitanum

236 2293 279 2378 (†
301 2291 385 2376 828)
410 2301 440 2354 et
462 2298 614 2354 auctorem
636 2291 777 2371 antiquae
800 2287 953 2372 quusdam
976 2286 1212 2368 Stiehometriae,
1235 2290 1365 2352 aCote-

235 2400 312 2460 lerio
336 2397 510 2477 publicatae,
535 2394 690 2474 usquead
714 2394 847 2456 seculum
862 2390 941 2455 Xllll
962 2408 1050 2454 nemo
1074 2392 1218 2473 epistolae
1240 2400 1365 2459 nostrae

236 2503 369 2564 notitiam
392 2499 532 2561 hahuisse
554 2498 681 2560 videtur.

325 2605 438 2666 Primus
458 2604 564 2665 iterum
579 2621 654 2681 eam,
678 2603 823 2684 epistolae
838 2601 995 2684 Polycarpi
1010 2602 1208 2683 conjunctam,
1231 2601 1363 2665 lacobus

237 2707 412 2772 Sirmondus
436 2707 464 2770 S.
488 2706 515 2769 J.
544 2708 574 2769 in
604 2706 709 2768 codice
732 2707 880 2768 Turriano
911 2705 1078 2788 detegebat.
1123 2707 1214 2770 Paulo
1237 2713 1304 2788 post
1333 2707 1364 2768 in

237 2814 303 2876 aliis
320 2814 413 2876 tribus
429 2812 593 2890 codicibus,
613 2810 815 2892 Bibliothecae
833 2809 1000 2889 Vaticanae,
1018 2810 1181 2874 cardinalis
1199 2810 1363 2875 Columnae

237 2923 268 2980 et
291 2915 431 2979 Andreae
455 2916 568 2978 Schotti
597 2916 626 2981 S.
649 2915 693 2996 4.,
724 2916 829 2977 eadem
859 2915 984 2996 epistola
1015 2916 1229 2998 reperiebatur.
1273 2915 1362 2998 Hugo

237 3027 335 3083 autern
358 3017 527 3097 benardus,
551 3036 568 3080 e
592 3019 837 3102 congregatione
860 3019 889 3083 S.
913 3019 1017 3098 Mauri,
1045 3021 1193 3100 antiquam
1216 3020 1362 3102 epistolae

236 3126 409 3188 versionem
433 3124 551 3187 latinam
573 3125 602 3188 in
619 3126 724 3188 codice
740 3124 917 3189 Corbeicnsi
932 3122 1020 3208 (ante
1037 3125 1103 3190 See.
1120 3121 1179 3206 lll)
1196 3125 1361 3189 invenerat.

235 3228 442 3313 hpograpbon
473 3229 585 3291 codicis
609 3230 772 3294 Schottiaui
795 3234 825 3291 et
847 3230 958 3293 veteris
982 3230 1059 3292 illius
1081 3231 1230 3293 versionis
1253 3231 1361 3293 latinae

236 3333 376 3396 Claudius
393 3333 552 3397 Salmasius
569 3333 670 3396 lsaaco
686 3334 806 3411 Vossio,
830 3333 955 3406 Vossius
971 3335 1094 3398 Usserio
1118 3334 1246 3397 tradidit.
1292 3336 1358 3409 Quo

235 3439 314 3502 lacto
337 3438 468 3502 lacobus
493 3438 631 3501 Usserins
655 3438 878 3517 Armachanus,
907 3438 1065 3503 lliherniae
1087 3440 1199 3502 Primas
1222 3458 1248 3502 a.
1276 3437 1358 3503 1643

236 3543 347 3606 Oxonii
380 3543 534 3625 epistolam
558 3542 710 3605 barnabae
739 3542 836 3625 prelo·
855 3544 992 3627 subjecit.
1039 3543 1097 3609 Sed
1121 3546 1229 3627 ingens
1252 3546 1360 3608 incen-

236 3649 332 3723 dium,
368 3647 448 3726 quod
481 3664 541 3709 non
575 3648 714 3730 exiguam
747 3654 862 3730 partem
895 3649 976 3711 urbis
1007 3646 1189 3708 oxoniensis
1225 3649 1360 3726 vastavit,

237 3753 335 3813 omnia
359 3767 480 3829 quoque
504 3751 685 3831 exemplaria
708 3754 858 3816 absumsit.

325 3854 391 3927 Ouo
415 3860 513 3916 autem
538 3853 631 3918 terme
654 3864 788 3940 tempore
806 3853 945 3930 Usseriua
967 3867 1050 3912 suam
1073 3850 1268 3933 praeparabat
1290 3852 1359 3913 edi-

235 3958 365 4035 tionem,
404 3957 441 4019 de
474 3957 538 4038 ipsa
573 3962 698 4042 epistola
730 3960 849 4024 Parisiis
884 3954 1050 4038 evulganda
1086 3957 1237 4040 cogitabat
1270 3958 1358 4040 Ilugo

236 4060 414 4141 hlenardus,
449 4064 612 4129 monachus
635 4065 855 4129 benedictinus.
899 4058 968 4140 lpso
999 4056 1116 4124 mortun
1150 4057 1234 4125 1644
1264 4062 1359 4125 Lucas

235 4165 411 4245 Dacbcrius,
436 4167 569 4248 ejusdem
594 4168 856 4254 congregationis,
881 4166 1015 4228 blenardi
1038 4167 1198 4231 editionem
1226 4165 1359 4232 1645111

236 4271 334 4333 lucem
359 4272 465 4349 emisit,
489 4274 582 4336 textui
604 4274 751 4336 'turriano
775 4271 916 4334 versione
941 4270 1116 4334 corbeiensi
1139 4271 1263 4354 adjecta.

323 4374 562 4439 Emendatiorem
578 4376 732 4439 Bnrnahae
755 4373 911 4457 epistolam
938 4371 1019 4439 1646
1036 4376 1249 4438 hmstelodami
1270 4376 1360 4440 edidit

235 4481 353 4544 lsaacus
368 4481 502 4560 Vossius,
516 4481 652 4563 pluribus
668 4481 733 4543 aliis
749 4480 904 4542 codicibus
920 4497 1003 4557 usus,
1019 4481 1204 4560 Florentino,
1219 4482 1359 4543 Vaticano

236 4590 266 4646 et
288 4585 421 4647 llomano
446 4585 665 4647 Theatinorum.
691 4584 813 4646 .Plures
836 4582 944 4647 deinde
967 4591 1090 4647 secutae
1111 4592 1181 4648 sunt
1203 4584 1359 4665 editiones,

236 4690 411 4771 praesertim
436 4686 585 4765 cotelerii,
607 4687 736 4751 llnsselii
759 4695 791 4751 et
814 4687 965 4751 Gallandii.

323 4790 394 4853 lllll.
438 4789 606 4853 Notandum
636 4791 782 4873 denique,
816 4794 846 4855 in
879 4791 1022 4855 omnibus
1052 4792 1171 4874 graecis
1205 4791 1359 4855 codicibus

237 4894 345 4958 deesse
368 4895 463 4976 capita
489 4891 571 4957 1-4
593 4894 697 4959 inclus.
721 4905 752 4960 et
774 4897 924 4962 dimidium
948 4898 1051 4977 quinti.

148 5149 241 5313 ἱ

696 5040 856 5052 ——m
863 5046 865 5049 ·
872 5046 897 5053 ...ι-
