<?xml version="1.0" encoding="UTF-8"?>
<!DOCTYPE html PUBLIC "-//W3C//DTD XHTML 1.0 Transitional//EN"
    "http://www.w3.org/TR/xhtml1/DTD/xhtml1-transitional.dtd">
<html xmlns="http://www.w3.org/1999/xhtml" xml:lang="en" lang="en">
 <head>
  <title>
</title>
<meta http-equiv="Content-Type" content="text/html;charset=utf-8" />
  <meta name='ocr-system' content='tesseract 3.04.00' />
  <meta name='ocr-capabilities' content='ocr_page ocr_carea ocr_par ocr_line ocrx_word'/>
</head>
<body>
  <div class='ocr_page' id='page_1' title='image "./patrumapostolic01hefegoog_0019.png"; bbox 0 0 3067 6450; ppageno 0'>
   <div class='ocr_carea' id='block_1_1' title="bbox 173 1193 1300 1269">
    <p class='ocr_par' dir='ltr' id='par_1_1' title="bbox 173 1193 1300 1269">
     <span class='ocr_line' id='line_1_1' title="bbox 173 1193 1300 1269; baseline 0 -12"><span class='ocrx_word' id='word_1_1' title='bbox 173 1193 423 1269; x_wconf 69' lang='lat' dir='ltr'><strong>smannens]</strong></span> <span class='ocrx_word' id='word_1_2' title='bbox 608 1195 864 1254; x_wconf 81' lang='lat' dir='ltr'><strong>caounuounns.</strong></span> <span class='ocrx_word' id='word_1_3' title='bbox 1244 1201 1300 1257; x_wconf 85' lang='lat' dir='ltr'><strong>nn</strong></span> 
     </span>
    </p>
   </div>
   <div class='ocr_carea' id='block_1_2' title="bbox 171 1355 1299 4897">
    <p class='ocr_par' dir='ltr' id='par_1_2' title="bbox 171 1355 1299 2177">
     <span class='ocr_line' id='line_1_2' title="bbox 171 1355 1299 1445; baseline 0 -21"><span class='ocrx_word' id='word_1_4' title='bbox 171 1358 309 1445; x_wconf 78' lang='lat' dir='ltr'><strong>ligendas</strong></span> <span class='ocrx_word' id='word_1_5' title='bbox 333 1359 426 1423; x_wconf 83' lang='lat' dir='ltr'><strong>tuisse</strong></span> <span class='ocrx_word' id='word_1_6' title='bbox 448 1358 599 1423; x_wconf 88' lang='lat' dir='ltr'><strong>contendit</strong></span> <span class='ocrx_word' id='word_1_7' title='bbox 624 1355 669 1441; x_wconf 82' lang='lat' dir='ltr'><strong>(c</strong></span> <span class='ocrx_word' id='word_1_8' title='bbox 689 1355 758 1441; x_wconf 85' lang='lat'>10),</span> <span class='ocrx_word' id='word_1_9' title='bbox 783 1367 813 1422; x_wconf 90' lang='lat' dir='ltr'><strong>et</strong></span> <span class='ocrx_word' id='word_1_10' title='bbox 835 1361 1040 1425; x_wconf 78' lang='lat' dir='ltr'><strong>oeconomiam</strong></span> <span class='ocrx_word' id='word_1_11' title='bbox 1061 1362 1173 1425; x_wconf 83' lang='lat' dir='ltr'><strong>veteris</strong></span> <span class='ocrx_word' id='word_1_12' title='bbox 1190 1363 1299 1425; x_wconf 84' lang='lat' dir='ltr'><strong>Testa-</strong></span> 
     </span>
     <span class='ocr_line' id='line_1_3' title="bbox 171 1461 1298 1549; baseline 0 -20"><span class='ocrx_word' id='word_1_13' title='bbox 171 1466 262 1529; x_wconf 85' lang='lat' dir='ltr'><strong>menti</strong></span> <span class='ocrx_word' id='word_1_14' title='bbox 285 1482 346 1526; x_wconf 87' lang='lat' dir='ltr'><strong>non</strong></span> <span class='ocrx_word' id='word_1_15' title='bbox 362 1462 527 1546; x_wconf 79' lang='lat' dir='ltr'><strong>Evangelio</strong></span> <span class='ocrx_word' id='word_1_16' title='bbox 543 1461 670 1541; x_wconf 87' lang='lat' dir='ltr'><strong>demum,</strong></span> <span class='ocrx_word' id='word_1_17' title='bbox 694 1463 749 1526; x_wconf 82' lang='lat' dir='ltr'><strong>sei</strong></span> <span class='ocrx_word' id='word_1_18' title='bbox 761 1466 822 1547; x_wconf 90' lang='lat' dir='ltr'><strong>jam</strong></span> <span class='ocrx_word' id='word_1_19' title='bbox 840 1466 889 1530; x_wconf 87' lang='lat' dir='ltr'><strong>itio</strong></span> <span class='ocrx_word' id='word_1_20' title='bbox 906 1466 964 1545; x_wconf 88' lang='lat' dir='ltr'><strong>die,</strong></span> <span class='ocrx_word' id='word_1_21' title='bbox 989 1485 1049 1549; x_wconf 92' lang='lat' dir='ltr'><strong>quo</strong></span> <span class='ocrx_word' id='word_1_22' title='bbox 1065 1467 1168 1530; x_wconf 84' lang='lat' dir='ltr'><strong>bioses</strong></span> <span class='ocrx_word' id='word_1_23' title='bbox 1184 1467 1298 1529; x_wconf 89' lang='lat' dir='ltr'><strong>tabutas</strong></span> 
     </span>
     <span class='ocr_line' id='line_1_4' title="bbox 172 1568 1299 1654; baseline -0.002 -18"><span class='ocrx_word' id='word_1_24' title='bbox 172 1572 251 1654; x_wconf 77' lang='lat' dir='ltr'><strong>legis</strong></span> <span class='ocrx_word' id='word_1_25' title='bbox 274 1568 311 1632; x_wconf 89' lang='lat' dir='ltr'><strong>de</strong></span> <span class='ocrx_word' id='word_1_26' title='bbox 333 1568 468 1633; x_wconf 91' lang='lat' dir='ltr'><strong>manibus</strong></span> <span class='ocrx_word' id='word_1_27' title='bbox 486 1569 623 1650; x_wconf 86' lang='lat' dir='ltr'><strong>projecit,</strong></span> <span class='ocrx_word' id='word_1_28' title='bbox 646 1568 786 1632; x_wconf 76' lang='lat' dir='ltr'><strong>abolitam</strong></span> <span class='ocrx_word' id='word_1_29' title='bbox 802 1588 881 1649; x_wconf 88' lang='lat' dir='ltr'><strong>esse,</strong></span> <span class='ocrx_word' id='word_1_30' title='bbox 904 1570 1099 1653; x_wconf 86' lang='lat' dir='ltr'><strong>Judaeosque</strong></span> <span class='ocrx_word' id='word_1_31' title='bbox 1115 1578 1186 1634; x_wconf 88' lang='lat' dir='ltr'><strong>tunc</strong></span> <span class='ocrx_word' id='word_1_32' title='bbox 1201 1577 1299 1634; x_wconf 87' lang='lat' dir='ltr'><strong>testa-</strong></span> 
     </span>
     <span class='ocr_line' id='line_1_5' title="bbox 171 1672 1299 1758; baseline -0.001 -19"><span class='ocrx_word' id='word_1_33' title='bbox 171 1681 303 1739; x_wconf 90' lang='lat' dir='ltr'><strong>mentum</strong></span> <span class='ocrx_word' id='word_1_34' title='bbox 332 1675 364 1741; x_wconf 85' lang='lat' dir='ltr'><strong>io</strong></span> <span class='ocrx_word' id='word_1_35' title='bbox 391 1680 567 1755; x_wconf 84' lang='lat' dir='ltr'><strong>perpetuum</strong></span> <span class='ocrx_word' id='word_1_36' title='bbox 596 1672 767 1754; x_wconf 79' lang='lat' dir='ltr'>perdidisse</span> <span class='ocrx_word' id='word_1_37' title='bbox 791 1673 881 1738; x_wconf 92' lang='lat' dir='ltr'><strong>docet</strong></span> <span class='ocrx_word' id='word_1_38' title='bbox 904 1673 949 1757; x_wconf 87' lang='lat' dir='ltr'><strong>(c.</strong></span> <span class='ocrx_word' id='word_1_39' title='bbox 972 1672 993 1739; x_wconf 86' lang='grc'>4</span> <span class='ocrx_word' id='word_1_40' title='bbox 1015 1683 1046 1738; x_wconf 92' lang='lat' dir='ltr'><strong>et</strong></span> <span class='ocrx_word' id='word_1_41' title='bbox 1071 1672 1139 1758; x_wconf 78' lang='lat' dir='ltr'><strong>tr).</strong></span> <span class='ocrx_word' id='word_1_42' title='bbox 1186 1676 1299 1739; x_wconf 82' lang='lat' dir='ltr'><strong>Cuncta</strong></span> 
     </span>
     <span class='ocr_line' id='line_1_6' title="bbox 173 1777 1299 1862; baseline -0.003 -17"><span class='ocrx_word' id='word_1_43' title='bbox 173 1782 248 1845; x_wconf 87' lang='lat' dir='ltr'><strong>baec</strong></span> <span class='ocrx_word' id='word_1_44' title='bbox 271 1796 332 1842; x_wconf 94' lang='lat' dir='ltr'><strong>non</strong></span> <span class='ocrx_word' id='word_1_45' title='bbox 354 1796 372 1841; x_wconf 88' lang='lat' dir='ltr'><strong>a</strong></span> <span class='ocrx_word' id='word_1_46' title='bbox 395 1777 529 1842; x_wconf 87' lang='lat' dir='ltr'><strong>Bernaba</strong></span> <span class='ocrx_word' id='word_1_47' title='bbox 553 1783 729 1859; x_wconf 75' lang='lat' dir='ltr'>exspectes,</span> <span class='ocrx_word' id='word_1_48' title='bbox 753 1779 821 1860; x_wconf 90' lang='lat' dir='ltr'><strong>qui,</strong></span> <span class='ocrx_word' id='word_1_49' title='bbox 845 1785 876 1842; x_wconf 90' lang='lat' dir='ltr'><strong>ut</strong></span> <span class='ocrx_word' id='word_1_50' title='bbox 899 1779 1001 1842; x_wconf 77' lang='lat' dir='ltr'><strong>bootes</strong></span> <span class='ocrx_word' id='word_1_51' title='bbox 1025 1800 1042 1843; x_wconf 91' lang='lat' dir='ltr'><strong>e</strong></span> <span class='ocrx_word' id='word_1_52' title='bbox 1066 1780 1205 1862; x_wconf 81' lang='lat' dir='ltr'><strong>gentibus</strong></span> <span class='ocrx_word' id='word_1_53' title='bbox 1228 1787 1299 1842; x_wconf 91' lang='lat' dir='ltr'><strong>ete</strong></span> 
     </span>
     <span class='ocr_line' id='line_1_7' title="bbox 173 1882 1299 1966; baseline -0.002 -17"><span class='ocrx_word' id='word_1_54' title='bbox 173 1885 295 1949; x_wconf 80' lang='lat' dir='ltr'><strong>iudaeis</strong></span> <span class='ocrx_word' id='word_1_55' title='bbox 306 1889 512 1966; x_wconf 76' lang='lat' dir='ltr'><strong>componeret,</strong></span> <span class='ocrx_word' id='word_1_56' title='bbox 524 1883 710 1946; x_wconf 68' lang='lat' dir='ltr'><strong>Antiochiam</strong></span> <span class='ocrx_word' id='word_1_57' title='bbox 723 1889 770 1945; x_wconf 88' lang='lat' dir='ltr'><strong>est</strong></span> <span class='ocrx_word' id='word_1_58' title='bbox 781 1884 888 1945; x_wconf 89' lang='lat' dir='ltr'><strong>missus</strong></span> <span class='ocrx_word' id='word_1_59' title='bbox 896 1903 905 1959; x_wconf 89' lang='lat'>;</span> <span class='ocrx_word' id='word_1_60' title='bbox 922 1882 977 1946; x_wconf 88' lang='lat' dir='ltr'><strong>sed</strong></span> <span class='ocrx_word' id='word_1_61' title='bbox 989 1885 1152 1947; x_wconf 86' lang='lat' dir='ltr'><strong>secundum</strong></span> <span class='ocrx_word' id='word_1_62' title='bbox 1164 1884 1299 1947; x_wconf 87' lang='lat' dir='ltr'><strong>secutum</strong></span> 
     </span>
     <span class='ocr_line' id='line_1_8' title="bbox 174 1987 1298 2073; baseline -0.004 -17"><span class='ocrx_word' id='word_1_63' title='bbox 174 1993 242 2056; x_wconf 88' lang='lat' dir='ltr'><strong>tatia</strong></span> <span class='ocrx_word' id='word_1_64' title='bbox 265 1991 391 2073; x_wconf 83' lang='lat' dir='ltr'><strong>sapiunt,</strong></span> <span class='ocrx_word' id='word_1_65' title='bbox 414 1989 598 2069; x_wconf 89' lang='lat' dir='ltr'><strong>similemque</strong></span> <span class='ocrx_word' id='word_1_66' title='bbox 622 1995 725 2052; x_wconf 90' lang='lat' dir='ltr'><strong>contra</strong></span> <span class='ocrx_word' id='word_1_67' title='bbox 747 1987 932 2052; x_wconf 82' lang='lat' dir='ltr'><strong>Judaisurum</strong></span> <span class='ocrx_word' id='word_1_68' title='bbox 956 1988 1108 2052; x_wconf 80' lang='lat' dir='ltr'><strong>servorem</strong></span> <span class='ocrx_word' id='word_1_69' title='bbox 1127 1989 1157 2051; x_wconf 87' lang='lat' dir='ltr'><strong>iu</strong></span> <span class='ocrx_word' id='word_1_70' title='bbox 1173 1987 1298 2069; x_wconf 88' lang='lat' dir='ltr'><strong>epistola</strong></span> 
     </span>
     <span class='ocr_line' id='line_1_9' title="bbox 173 2094 578 2177; baseline -0.015 -16"><span class='ocrx_word' id='word_1_71' title='bbox 173 2097 211 2162; x_wconf 83' lang='lat' dir='ltr'><strong>ai</strong></span> <span class='ocrx_word' id='word_1_72' title='bbox 232 2096 410 2177; x_wconf 79' lang='lat' dir='ltr'><strong>Diognetum</strong></span> <span class='ocrx_word' id='word_1_73' title='bbox 434 2094 578 2175; x_wconf 83' lang='lat' dir='ltr'><strong>reperies.</strong></span> 
     </span>
    </p>

    <p class='ocr_par' dir='ltr' id='par_1_3' title="bbox 173 2194 1299 2388">
     <span class='ocr_line' id='line_1_10' title="bbox 258 2194 1299 2280; baseline -0.002 -17"><span class='ocrx_word' id='word_1_74' title='bbox 258 2199 305 2263; x_wconf 85' lang='lat' dir='ltr'><strong>tlt.</strong></span> <span class='ocrx_word' id='word_1_75' title='bbox 350 2198 467 2261; x_wconf 81' lang='lat' dir='ltr'><strong>Revera</strong></span> <span class='ocrx_word' id='word_1_76' title='bbox 498 2198 599 2280; x_wconf 86' lang='lat' dir='ltr'><strong>primis</strong></span> <span class='ocrx_word' id='word_1_77' title='bbox 631 2199 725 2262; x_wconf 77' lang='lat' dir='ltr'><strong>seculi</strong></span> <span class='ocrx_word' id='word_1_78' title='bbox 757 2198 880 2262; x_wconf 88' lang='lat' dir='ltr'><strong>secundi</strong></span> <span class='ocrx_word' id='word_1_79' title='bbox 910 2197 1094 2279; x_wconf 79' lang='lat' dir='ltr'><strong>temporibus</strong></span> <span class='ocrx_word' id='word_1_80' title='bbox 1126 2194 1299 2262; x_wconf 79' lang='lat' dir='ltr'><strong>tot-120</strong></span> 
     </span>
     <span class='ocr_line' id='line_1_11' title="bbox 173 2305 879 2388; baseline -0.004 -19"><span class='ocrx_word' id='word_1_81' title='bbox 173 2305 328 2388; x_wconf 81' lang='lat' dir='ltr'><strong>epistotam</strong></span> <span class='ocrx_word' id='word_1_82' title='bbox 350 2308 481 2366; x_wconf 84' lang='lat' dir='ltr'><strong>nostram</strong></span> <span class='ocrx_word' id='word_1_83' title='bbox 504 2309 657 2365; x_wconf 86' lang='lat' dir='ltr'><strong>exaratam</strong></span> <span class='ocrx_word' id='word_1_84' title='bbox 679 2321 750 2367; x_wconf 88' lang='lat' dir='ltr'><strong>esse</strong></span> <span class='ocrx_word' id='word_1_85' title='bbox 772 2311 879 2385; x_wconf 84' lang='lat' dir='ltr'><strong>putem.</strong></span> 
     </span>
    </p>

    <p class='ocr_par' dir='ltr' id='par_1_4' title="bbox 171 2406 1299 3016">
     <span class='ocr_line' id='line_1_12' title="bbox 263 2406 1296 2490; baseline -0.004 -18"><span class='ocrx_word' id='word_1_86' title='bbox 263 2406 291 2472; x_wconf 83' lang='lat'><strong>1:</strong></span> <span class='ocrx_word' id='word_1_87' title='bbox 313 2408 383 2472; x_wconf 86' lang='lat' dir='ltr'><strong>Post</strong></span> <span class='ocrx_word' id='word_1_88' title='bbox 394 2409 582 2471; x_wconf 84' lang='lat' dir='ltr'><strong>eversionem</strong></span> <span class='ocrx_word' id='word_1_89' title='bbox 596 2408 694 2490; x_wconf 85' lang='lat' dir='ltr'><strong>tempii</strong></span> <span class='ocrx_word' id='word_1_90' title='bbox 707 2408 966 2490; x_wconf 71' lang='lat' dir='ltr'><strong>Hierosolymitani</strong></span> <span class='ocrx_word' id='word_1_91' title='bbox 983 2425 1048 2470; x_wconf 91' lang='lat' dir='ltr'><strong>eam</strong></span> <span class='ocrx_word' id='word_1_92' title='bbox 1063 2407 1203 2490; x_wconf 85' lang='lat' dir='ltr'><strong>scriptam</strong></span> <span class='ocrx_word' id='word_1_93' title='bbox 1216 2422 1296 2486; x_wconf 87' lang='lat' dir='ltr'><strong>esse,</strong></span> 
     </span>
     <span class='ocr_line' id='line_1_13' title="bbox 172 2503 1299 2598; baseline -0.005 -20"><span class='ocrx_word' id='word_1_94' title='bbox 172 2533 214 2578; x_wconf 82' lang='lat' dir='ltr'><strong>ex</strong></span> <span class='ocrx_word' id='word_1_95' title='bbox 234 2514 331 2596; x_wconf 85' lang='lat' dir='ltr'><strong>eapite</strong></span> <span class='ocrx_word' id='word_1_96' title='bbox 356 2508 394 2576; x_wconf 88' lang='grc'><strong>16</strong></span> <span class='ocrx_word' id='word_1_97' title='bbox 418 2513 489 2575; x_wconf 86' lang='lat' dir='ltr'><strong>satis</strong></span> <span class='ocrx_word' id='word_1_98' title='bbox 510 2512 613 2593; x_wconf 91' lang='lat' dir='ltr'><strong>liquet.</strong></span> <span class='ocrx_word' id='word_1_99' title='bbox 659 2512 708 2577; x_wconf 83' lang='lat' dir='ltr'><strong>Sic</strong></span> <span class='ocrx_word' id='word_1_100' title='bbox 731 2513 809 2573; x_wconf 90' lang='lat' dir='ltr'><strong>enim</strong></span> <span class='ocrx_word' id='word_1_101' title='bbox 832 2512 888 2574; x_wconf 89' lang='lat' dir='ltr'><strong>ibi:</strong></span> <span class='ocrx_word' id='word_1_102' title='bbox 916 2503 980 2575; x_wconf 82' lang='lat' dir='ltr'><strong>Arei</strong></span> <span class='ocrx_word' id='word_1_103' title='bbox 999 2503 1061 2598; x_wconf 74' lang='lat' dir='ltr'><strong>yriq</strong></span> <span class='ocrx_word' id='word_1_104' title='bbox 1083 2503 1122 2576; x_wconf 82' lang='grc' dir='ltr'>τὸ</span> <span class='ocrx_word' id='word_1_105' title='bbox 1144 2509 1299 2591; x_wconf 79' lang='grc' dir='ltr'><em>πολεμεῖν</em></span> 
     </span>
     <span class='ocr_line' id='line_1_14' title="bbox 171 2607 1298 2703; baseline -0.006 -20"><span class='ocrx_word' id='word_1_106' title='bbox 171 2614 288 2692; x_wconf 71' lang='grc' dir='ltr'><em>αὐτούς</em></span> <span class='ocrx_word' id='word_1_107' title='bbox 316 2613 486 2703; x_wconf 66' lang='grc' dir='ltr'><strong>καθῃρέθη</strong></span> <span class='ocrx_word' id='word_1_108' title='bbox 517 2612 556 2701; x_wconf 85' lang='lat' dir='ltr'><strong>(o‘</strong></span> <span class='ocrx_word' id='word_1_109' title='bbox 584 2611 678 2699; x_wconf 77' lang='grc' dir='ltr'>ναός)</span> <span class='ocrx_word' id='word_1_110' title='bbox 709 2607 774 2677; x_wconf 77' lang='grc' dir='ltr'><strong>ὑπὸ</strong></span> <span class='ocrx_word' id='word_1_111' title='bbox 804 2613 869 2677; x_wconf 79' lang='grc' dir='ltr'><strong>τῶν</strong></span> <span class='ocrx_word' id='word_1_112' title='bbox 899 2612 1041 2702; x_wconf 69' lang='grc' dir='ltr'><strong>ἐχθρῶν·</strong></span> <span class='ocrx_word' id='word_1_113' title='bbox 1073 2613 1128 2678; x_wconf 83' lang='grc' dir='ltr'><strong>νῦν</strong></span> <span class='ocrx_word' id='word_1_114' title='bbox 1156 2637 1183 2677; x_wconf 89' lang='grc' dir='ltr'><strong>κ.</strong></span> <span class='ocrx_word' id='word_1_115' title='bbox 1214 2636 1242 2676; x_wconf 81' lang='grc' dir='ltr'><strong>τ.</strong></span> <span class='ocrx_word' id='word_1_116' title='bbox 1269 2611 1298 2676; x_wconf 80' lang='lat' dir='ltr'><strong>i..</strong></span> 
     </span>
     <span class='ocr_line' id='line_1_15' title="bbox 172 2715 1296 2805; baseline -0.005 -17"><span class='ocrx_word' id='word_1_117' title='bbox 172 2726 229 2801; x_wconf 82' lang='lat' dir='ltr'><strong>Qui</strong></span> <span class='ocrx_word' id='word_1_118' title='bbox 265 2724 353 2787; x_wconf 85' lang='lat' dir='ltr'><strong>aliter</strong></span> <span class='ocrx_word' id='word_1_119' title='bbox 388 2723 589 2804; x_wconf 80' lang='lat' dir='ltr'><strong>distinguunt,</strong></span> <span class='ocrx_word' id='word_1_120' title='bbox 627 2727 657 2782; x_wconf 88' lang='lat' dir='ltr'><strong>et</strong></span> <span class='ocrx_word' id='word_1_121' title='bbox 692 2715 732 2781; x_wconf 80' lang='lat' dir='ltr'><strong>cri</strong></span> <span class='ocrx_word' id='word_1_122' title='bbox 763 2724 816 2782; x_wconf 80' lang='grc' dir='ltr'><strong>νῦν</strong></span> <span class='ocrx_word' id='word_1_123' title='bbox 850 2722 960 2784; x_wconf 91' lang='lat' dir='ltr'><strong>nomini</strong></span> <span class='ocrx_word' id='word_1_124' title='bbox 995 2716 1122 2805; x_wconf 69' lang='lat' dir='ltr'><strong>ixionis</strong></span> <span class='ocrx_word' id='word_1_125' title='bbox 1156 2723 1296 2803; x_wconf 78' lang='lat' dir='ltr'><strong>jungunt,</strong></span> 
     </span>
     <span class='ocr_line' id='line_1_16' title="bbox 171 2823 1297 2910; baseline -0.004 -18"><span class='ocrx_word' id='word_1_126' title='bbox 171 2829 269 2893; x_wconf 82' lang='lat' dir='ltr'><strong>statim</strong></span> <span class='ocrx_word' id='word_1_127' title='bbox 301 2833 370 2910; x_wconf 84' lang='lat' dir='ltr'><strong>post</strong></span> <span class='ocrx_word' id='word_1_128' title='bbox 402 2843 511 2889; x_wconf 89' lang='lat' dir='ltr'><strong>annum</strong></span> <span class='ocrx_word' id='word_1_129' title='bbox 546 2823 586 2889; x_wconf 81' lang='lat'><strong>70</strong></span> <span class='ocrx_word' id='word_1_130' title='bbox 619 2843 647 2906; x_wconf 84' lang='lat' dir='ltr'><strong>p.</strong></span> <span class='ocrx_word' id='word_1_131' title='bbox 678 2823 731 2887; x_wconf 86' lang='lat' dir='ltr'><strong>Cb.</strong></span> <span class='ocrx_word' id='word_1_132' title='bbox 765 2825 819 2889; x_wconf 91' lang='lat' dir='ltr'><strong>bas</strong></span> <span class='ocrx_word' id='word_1_133' title='bbox 852 2824 964 2888; x_wconf 87' lang='lat' dir='ltr'><strong>litteras</strong></span> <span class='ocrx_word' id='word_1_134' title='bbox 999 2825 1083 2888; x_wconf 87' lang='lat' dir='ltr'><strong>datas</strong></span> <span class='ocrx_word' id='word_1_135' title='bbox 1115 2841 1185 2888; x_wconf 85' lang='lat' dir='ltr'><strong>esse</strong></span> <span class='ocrx_word' id='word_1_136' title='bbox 1219 2841 1297 2888; x_wconf 90' lang='lat' dir='ltr'><strong>con-</strong></span> 
     </span>
     <span class='ocr_line' id='line_1_17' title="bbox 172 2929 354 3016; baseline -0.011 -20"><span class='ocrx_word' id='word_1_137' title='bbox 172 2932 295 2997; x_wconf 90' lang='lat' dir='ltr'><strong>tendunt</strong></span> <span class='ocrx_word' id='word_1_138' title='bbox 314 2929 354 3016; x_wconf 83' lang='lat'><strong>¹).</strong></span> 
     </span>
    </p>

    <p class='ocr_par' dir='ltr' id='par_1_5' title="bbox 171 3031 1296 3333">
     <span class='ocr_line' id='line_1_18' title="bbox 261 3031 1296 3117; baseline -0.004 -16"><span class='ocrx_word' id='word_1_139' title='bbox 261 3040 290 3102; x_wconf 82' lang='lat'><strong>2.</strong></span> <span class='ocrx_word' id='word_1_140' title='bbox 313 3037 418 3100; x_wconf 87' lang='lat' dir='ltr'><strong>Primis</strong></span> <span class='ocrx_word' id='word_1_141' title='bbox 439 3035 534 3099; x_wconf 88' lang='lat' dir='ltr'><strong>seculi</strong></span> <span class='ocrx_word' id='word_1_142' title='bbox 557 3035 681 3099; x_wconf 87' lang='lat' dir='ltr'><strong>secundi</strong></span> <span class='ocrx_word' id='word_1_143' title='bbox 704 3034 886 3117; x_wconf 80' lang='lat' dir='ltr'><strong>temporibus</strong></span> <span class='ocrx_word' id='word_1_144' title='bbox 901 3031 1065 3112; x_wconf 67' lang='lat' dir='ltr'><strong>tutatum,</strong></span> <span class='ocrx_word' id='word_1_145' title='bbox 1088 3033 1246 3097; x_wconf 84' lang='lat' dir='ltr'><strong>ecetesiam</strong></span> <span class='ocrx_word' id='word_1_146' title='bbox 1266 3033 1296 3097; x_wconf 91' lang='lat' dir='ltr'><strong>in</strong></span> 
     </span>
     <span class='ocr_line' id='line_1_19' title="bbox 171 3138 1295 3227; baseline -0.003 -20"><span class='ocrx_word' id='word_1_147' title='bbox 171 3143 336 3227; x_wconf 86' lang='lat' dir='ltr'><strong>periculum</strong></span> <span class='ocrx_word' id='word_1_148' title='bbox 359 3147 520 3217; x_wconf 86' lang='lat' dir='ltr'><strong>vocantes,</strong></span> <span class='ocrx_word' id='word_1_149' title='bbox 553 3138 659 3203; x_wconf 87' lang='lat' dir='ltr'><strong>eodem</strong></span> <span class='ocrx_word' id='word_1_150' title='bbox 690 3139 819 3202; x_wconf 80' lang='lat' dir='ltr'><strong>ferventi</strong></span> <span class='ocrx_word' id='word_1_151' title='bbox 842 3138 932 3203; x_wconf 89' lang='lat' dir='ltr'><strong>modo</strong></span> <span class='ocrx_word' id='word_1_152' title='bbox 955 3140 1202 3224; x_wconf 83' lang='lat' dir='ltr'><strong>impugnabantur</strong></span> <span class='ocrx_word' id='word_1_153' title='bbox 1224 3159 1241 3203; x_wconf 88' lang='lat' dir='ltr'><strong>a</strong></span> <span class='ocrx_word' id='word_1_154' title='bbox 1265 3139 1295 3206; x_wconf 82' lang='lat' dir='ltr'><strong>S.</strong></span> 
     </span>
     <span class='ocr_line' id='line_1_20' title="bbox 172 3244 1201 3333; baseline -0.005 -20"><span class='ocrx_word' id='word_1_155' title='bbox 172 3249 287 3333; x_wconf 60' lang='lat' dir='ltr'><strong>quatio</strong></span> <span class='ocrx_word' id='word_1_156' title='bbox 310 3245 500 3312; x_wconf 84' lang='lat' dir='ltr'><strong>Antiocheno</strong></span> <span class='ocrx_word' id='word_1_157' title='bbox 523 3252 554 3308; x_wconf 89' lang='lat' dir='ltr'><strong>et</strong></span> <span class='ocrx_word' id='word_1_158' title='bbox 576 3246 612 3309; x_wconf 93' lang='lat' dir='ltr'><strong>ab</strong></span> <span class='ocrx_word' id='word_1_159' title='bbox 636 3251 760 3309; x_wconf 86' lang='lat' dir='ltr'><strong>auctore</strong></span> <span class='ocrx_word' id='word_1_160' title='bbox 783 3245 929 3327; x_wconf 86' lang='lat' dir='ltr'><strong>epistolae</strong></span> <span class='ocrx_word' id='word_1_161' title='bbox 951 3244 989 3307; x_wconf 88' lang='lat' dir='ltr'><strong>ad</strong></span> <span class='ocrx_word' id='word_1_162' title='bbox 1012 3245 1201 3326; x_wconf 78' lang='lat' dir='ltr'><strong>Diognetum.</strong></span> 
     </span>
    </p>

    <p class='ocr_par' dir='ltr' id='par_1_6' title="bbox 171 3348 1296 3538">
     <span class='ocr_line' id='line_1_21' title="bbox 260 3348 1296 3432; baseline -0.005 -15"><span class='ocrx_word' id='word_1_163' title='bbox 260 3352 289 3417; x_wconf 88' lang='grc'><strong>3.</strong></span> <span class='ocrx_word' id='word_1_164' title='bbox 320 3352 388 3416; x_wconf 87' lang='lat' dir='ltr'><strong>Non</strong></span> <span class='ocrx_word' id='word_1_165' title='bbox 410 3357 479 3414; x_wconf 87' lang='lat' dir='ltr'><strong>ante</strong></span> <span class='ocrx_word' id='word_1_166' title='bbox 501 3351 634 3414; x_wconf 87' lang='lat' dir='ltr'><strong>secutum</strong></span> <span class='ocrx_word' id='word_1_167' title='bbox 656 3350 821 3432; x_wconf 86' lang='lat' dir='ltr'><strong>secundum</strong></span> <span class='ocrx_word' id='word_1_168' title='bbox 845 3350 1003 3413; x_wconf 86' lang='lat' dir='ltr'><strong>Christiani</strong></span> <span class='ocrx_word' id='word_1_169' title='bbox 1026 3349 1179 3411; x_wconf 89' lang='lat' dir='ltr'><strong>sabbatum</strong></span> <span class='ocrx_word' id='word_1_170' title='bbox 1209 3348 1296 3412; x_wconf 87' lang='lat' dir='ltr'><strong>cele·</strong></span> 
     </span>
     <span class='ocr_line' id='line_1_22' title="bbox 171 3450 1296 3538; baseline -0.005 -15"><span class='ocrx_word' id='word_1_171' title='bbox 171 3460 261 3523; x_wconf 87' lang='lat' dir='ltr'><strong>brere</strong></span> <span class='ocrx_word' id='word_1_172' title='bbox 283 3458 436 3521; x_wconf 87' lang='lat' dir='ltr'><strong>desierunt</strong></span> <span class='ocrx_word' id='word_1_173' title='bbox 443 3476 454 3533; x_wconf 81' lang='lat'><em>3</em></span> <span class='ocrx_word' id='word_1_174' title='bbox 477 3455 557 3538; x_wconf 89' lang='lat' dir='ltr'><strong>quod</strong></span> <span class='ocrx_word' id='word_1_175' title='bbox 579 3458 639 3538; x_wconf 85' lang='lat' dir='ltr'><strong>jam</strong></span> <span class='ocrx_word' id='word_1_176' title='bbox 664 3455 815 3532; x_wconf 89' lang='lat' dir='ltr'><strong>evenisse,</strong></span> <span class='ocrx_word' id='word_1_177' title='bbox 839 3452 964 3535; x_wconf 85' lang='lat' dir='ltr'><strong>epistota</strong></span> <span class='ocrx_word' id='word_1_178' title='bbox 980 3459 1081 3515; x_wconf 92' lang='lat' dir='ltr'><strong>nostra</strong></span> <span class='ocrx_word' id='word_1_179' title='bbox 1098 3451 1187 3515; x_wconf 90' lang='lat' dir='ltr'><strong>docet</strong></span> <span class='ocrx_word' id='word_1_180' title='bbox 1202 3471 1227 3514; x_wconf 90' lang='lat' dir='ltr'><strong>c.</strong></span> <span class='ocrx_word' id='word_1_181' title='bbox 1247 3450 1296 3517; x_wconf 83' lang='lat'><strong>15.</strong></span> 
     </span>
    </p>

    <p class='ocr_par' dir='ltr' id='par_1_7' title="bbox 171 3555 1299 3959">
     <span class='ocr_line' id='line_1_23' title="bbox 260 3555 1297 3643; baseline -0.006 -17"><span class='ocrx_word' id='word_1_182' title='bbox 260 3560 427 3627; x_wconf 68' lang='lat' dir='ltr'><strong>inustor</strong></span> <span class='ocrx_word' id='word_1_183' title='bbox 450 3558 597 3643; x_wconf 86' lang='lat' dir='ltr'><strong>epistolae</strong></span> <span class='ocrx_word' id='word_1_184' title='bbox 619 3564 742 3622; x_wconf 89' lang='lat' dir='ltr'><strong>nostrae</strong></span> <span class='ocrx_word' id='word_1_185' title='bbox 765 3564 868 3621; x_wconf 88' lang='lat' dir='ltr'><strong>contra</strong></span> <span class='ocrx_word' id='word_1_186' title='bbox 893 3558 1017 3620; x_wconf 89' lang='lat' dir='ltr'><strong>eosdem</strong></span> <span class='ocrx_word' id='word_1_187' title='bbox 1035 3556 1214 3636; x_wconf 80' lang='lat' dir='ltr'><strong>haereticos,</strong></span> <span class='ocrx_word' id='word_1_188' title='bbox 1237 3555 1297 3620; x_wconf 91' lang='lat' dir='ltr'><strong>Ju-</strong></span> 
     </span>
     <span class='ocr_line' id='line_1_24' title="bbox 173 3659 1299 3745; baseline -0.007 -14"><span class='ocrx_word' id='word_1_189' title='bbox 173 3668 283 3732; x_wconf 84' lang='lat' dir='ltr'><strong>daistas</strong></span> <span class='ocrx_word' id='word_1_190' title='bbox 305 3672 336 3730; x_wconf 92' lang='lat' dir='ltr'><strong>et</strong></span> <span class='ocrx_word' id='word_1_191' title='bbox 358 3666 503 3745; x_wconf 79' lang='lat' dir='ltr'><strong>Boeotus,</strong></span> <span class='ocrx_word' id='word_1_192' title='bbox 527 3665 619 3728; x_wconf 87' lang='lat' dir='ltr'><strong>verbe</strong></span> <span class='ocrx_word' id='word_1_193' title='bbox 643 3664 729 3742; x_wconf 84' lang='lat' dir='ltr'><strong>iacit,</strong></span> <span class='ocrx_word' id='word_1_194' title='bbox 753 3680 830 3745; x_wconf 91' lang='lat' dir='ltr'><strong>quos</strong></span> <span class='ocrx_word' id='word_1_195' title='bbox 854 3664 882 3726; x_wconf 92' lang='lat' dir='ltr'><strong>S.</strong></span> <span class='ocrx_word' id='word_1_196' title='bbox 905 3662 1036 3744; x_wconf 80' lang='lat' dir='ltr'><strong>ignatius</strong></span> <span class='ocrx_word' id='word_1_197' title='bbox 1059 3662 1215 3742; x_wconf 87' lang='lat' dir='ltr'><strong>vituperat.</strong></span> <span class='ocrx_word' id='word_1_198' title='bbox 1261 3659 1299 3725; x_wconf 86' lang='lat' dir='ltr'><strong>Ut</strong></span> 
     </span>
     <span class='ocr_line' id='line_1_25' title="bbox 171 3764 1296 3851; baseline -0.004 -15"><span class='ocrx_word' id='word_1_199' title='bbox 171 3772 237 3851; x_wconf 90' lang='lat' dir='ltr'><strong>bic,</strong></span> <span class='ocrx_word' id='word_1_200' title='bbox 270 3773 308 3835; x_wconf 82' lang='lat' dir='ltr'><strong>ita</strong></span> <span class='ocrx_word' id='word_1_201' title='bbox 334 3776 365 3834; x_wconf 91' lang='lat' dir='ltr'><strong>et</strong></span> <span class='ocrx_word' id='word_1_202' title='bbox 387 3770 499 3833; x_wconf 84' lang='lat' dir='ltr'><strong>Noster</strong></span> <span class='ocrx_word' id='word_1_203' title='bbox 520 3771 773 3832; x_wconf 78' lang='lat' dir='ltr'><strong>incarnationem</strong></span> <span class='ocrx_word' id='word_1_204' title='bbox 795 3766 904 3831; x_wconf 85' lang='lat' dir='ltr'><strong>Christi</strong></span> <span class='ocrx_word' id='word_1_205' title='bbox 926 3773 1030 3831; x_wconf 90' lang='lat' dir='ltr'><strong>contra</strong></span> <span class='ocrx_word' id='word_1_206' title='bbox 1055 3766 1183 3831; x_wconf 85' lang='lat' dir='ltr'><strong>Docetas</strong></span> <span class='ocrx_word' id='word_1_207' title='bbox 1207 3764 1253 3851; x_wconf 84' lang='lat' dir='ltr'><strong>(c.</strong></span> <span class='ocrx_word' id='word_1_208' title='bbox 1276 3764 1296 3832; x_wconf 83' lang='lat'><strong>5</strong></span> 
     </span>
     <span class='ocr_line' id='line_1_26' title="bbox 173 3873 692 3959; baseline -0.002 -20"><span class='ocrx_word' id='word_1_209' title='bbox 173 3884 203 3939; x_wconf 89' lang='lat' dir='ltr'><strong>et</strong></span> <span class='ocrx_word' id='word_1_210' title='bbox 227 3873 613 3959; x_wconf 56' lang='lat' dir='ltr'><strong>omnitenensque</strong></span> <span class='ocrx_word' id='word_1_211' title='bbox 637 3880 692 3938; x_wconf 89' lang='lat' dir='ltr'><strong>est.</strong></span> 
     </span>
    </p>

    <p class='ocr_par' dir='ltr' id='par_1_8' title="bbox 173 3973 1298 4270">
     <span class='ocr_line' id='line_1_27' title="bbox 262 3973 1297 4062; baseline -0.007 -18"><span class='ocrx_word' id='word_1_212' title='bbox 262 3978 292 4044; x_wconf 81' lang='lat'><strong>5.</strong></span> <span class='ocrx_word' id='word_1_213' title='bbox 314 3977 560 4062; x_wconf 74' lang='lat' dir='ltr'><strong>Theologumena</strong></span> <span class='ocrx_word' id='word_1_214' title='bbox 583 3979 671 4042; x_wconf 84' lang='lat' dir='ltr'><strong>muita</strong></span> <span class='ocrx_word' id='word_1_215' title='bbox 692 3977 837 4062; x_wconf 88' lang='lat' dir='ltr'><strong>epistolae</strong></span> <span class='ocrx_word' id='word_1_216' title='bbox 852 3982 984 4054; x_wconf 89' lang='lat' dir='ltr'><strong>nostrae,</strong></span> <span class='ocrx_word' id='word_1_217' title='bbox 1007 3975 1182 4059; x_wconf 81' lang='lat' dir='ltr'><strong>praesertim</strong></span> <span class='ocrx_word' id='word_1_218' title='bbox 1199 3973 1297 4056; x_wconf 87' lang='lat' dir='ltr'><strong>quoad</strong></span> 
     </span>
     <span class='ocr_line' id='line_1_28' title="bbox 173 4079 1298 4169; baseline -0.006 -21"><span class='ocrx_word' id='word_1_219' title='bbox 173 4084 373 4169; x_wconf 77' lang='lat' dir='ltr'><strong>typotogiem,</strong></span> <span class='ocrx_word' id='word_1_220' title='bbox 404 4083 547 4146; x_wconf 84' lang='lat' dir='ltr'><strong>simillima</strong></span> <span class='ocrx_word' id='word_1_221' title='bbox 578 4089 647 4147; x_wconf 90' lang='lat' dir='ltr'><strong>sunt</strong></span> <span class='ocrx_word' id='word_1_222' title='bbox 676 4082 829 4146; x_wconf 85' lang='lat' dir='ltr'><strong>doetrinae</strong></span> <span class='ocrx_word' id='word_1_223' title='bbox 858 4081 887 4146; x_wconf 89' lang='lat' dir='ltr'><strong>S.</strong></span> <span class='ocrx_word' id='word_1_224' title='bbox 916 4079 1025 4143; x_wconf 90' lang='lat' dir='ltr'><strong>Justini</strong></span> <span class='ocrx_word' id='word_1_225' title='bbox 1055 4085 1086 4144; x_wconf 89' lang='lat' dir='ltr'><strong>at</strong></span> <span class='ocrx_word' id='word_1_226' title='bbox 1115 4079 1298 4158; x_wconf 78' lang='lat' dir='ltr'><strong>Tertulliani,</strong></span> 
     </span>
     <span class='ocr_line' id='line_1_29' title="bbox 173 4187 717 4270; baseline -0.004 -18"><span class='ocrx_word' id='word_1_227' title='bbox 173 4191 191 4252; x_wconf 89' lang='lat' dir='ltr'><strong>i.</strong></span> <span class='ocrx_word' id='word_1_228' title='bbox 215 4209 243 4253; x_wconf 90' lang='lat' dir='ltr'><strong>e.</strong></span> <span class='ocrx_word' id='word_1_229' title='bbox 266 4188 446 4270; x_wconf 87' lang='lat' dir='ltr'><strong>scriptorum</strong></span> <span class='ocrx_word' id='word_1_230' title='bbox 469 4188 563 4251; x_wconf 89' lang='lat' dir='ltr'><strong>seculi</strong></span> <span class='ocrx_word' id='word_1_231' title='bbox 584 4187 717 4250; x_wconf 87' lang='lat' dir='ltr'><strong>secundi.</strong></span> 
     </span>
    </p>

    <p class='ocr_par' dir='ltr' id='par_1_9' title="bbox 171 4289 1297 4584">
     <span class='ocr_line' id='line_1_30' title="bbox 260 4289 1297 4374; baseline -0.007 -17"><span class='ocrx_word' id='word_1_232' title='bbox 260 4290 290 4357; x_wconf 88' lang='grc'><strong>6.</strong></span> <span class='ocrx_word' id='word_1_233' title='bbox 322 4293 354 4356; x_wconf 89' lang='lat' dir='ltr'><strong>ln</strong></span> <span class='ocrx_word' id='word_1_234' title='bbox 378 4292 513 4356; x_wconf 89' lang='lat' dir='ltr'><strong>omnibus</strong></span> <span class='ocrx_word' id='word_1_235' title='bbox 537 4292 688 4356; x_wconf 87' lang='lat' dir='ltr'><strong>codicibus</strong></span> <span class='ocrx_word' id='word_1_236' title='bbox 719 4291 845 4372; x_wconf 75' lang='lat' dir='ltr'><strong>antiquis</strong></span> <span class='ocrx_word' id='word_1_237' title='bbox 877 4289 1005 4374; x_wconf 82' lang='lat' dir='ltr'><strong>epistola</strong></span> <span class='ocrx_word' id='word_1_238' title='bbox 1025 4289 1178 4353; x_wconf 87' lang='lat' dir='ltr'><strong>Barnabae</strong></span> <span class='ocrx_word' id='word_1_239' title='bbox 1204 4296 1297 4369; x_wconf 81' lang='lat' dir='ltr'><strong>post-</strong></span> 
     </span>
     <span class='ocr_line' id='line_1_31' title="bbox 171 4396 1297 4489; baseline -0.004 -30"><span class='ocrx_word' id='word_1_240' title='bbox 171 4398 281 4489; x_wconf 81' lang='lat' dir='ltr'><strong>posito</strong></span> <span class='ocrx_word' id='word_1_241' title='bbox 302 4403 349 4460; x_wconf 92' lang='lat' dir='ltr'><strong>est</strong></span> <span class='ocrx_word' id='word_1_242' title='bbox 371 4398 517 4479; x_wconf 86' lang='lat' dir='ltr'><strong>epistotae</strong></span> <span class='ocrx_word' id='word_1_243' title='bbox 539 4398 710 4479; x_wconf 51' lang='lat' dir='ltr'><strong>Polymnum</strong></span> <span class='ocrx_word' id='word_1_244' title='bbox 734 4396 878 4474; x_wconf 80' lang='lat' dir='ltr'><strong>tortasse,</strong></span> <span class='ocrx_word' id='word_1_245' title='bbox 902 4396 971 4476; x_wconf 90' lang='lat' dir='ltr'><strong>quia</strong></span> <span class='ocrx_word' id='word_1_246' title='bbox 990 4396 1109 4477; x_wconf 87' lang='lat' dir='ltr'><strong>junior,</strong></span> <span class='ocrx_word' id='word_1_247' title='bbox 1131 4398 1214 4456; x_wconf 88' lang='lat' dir='ltr'><strong>certe</strong></span> <span class='ocrx_word' id='word_1_248' title='bbox 1236 4409 1297 4456; x_wconf 92' lang='lat' dir='ltr'><strong>non</strong></span> 
     </span>
     <span class='ocr_line' id='line_1_32' title="bbox 173 4500 628 4584; baseline 0.002 -20"><span class='ocrx_word' id='word_1_249' title='bbox 173 4500 265 4565; x_wconf 88' lang='lat' dir='ltr'><strong>multo</strong></span> <span class='ocrx_word' id='word_1_250' title='bbox 288 4502 438 4583; x_wconf 87' lang='lat' dir='ltr'><strong>antiquior</strong></span> <span class='ocrx_word' id='word_1_251' title='bbox 463 4502 628 4584; x_wconf 85' lang='lat' dir='ltr'><strong>putabatur.</strong></span> 
     </span>
    </p>

    <p class='ocr_par' dir='ltr' id='par_1_10' title="bbox 173 4602 1298 4792">
     <span class='ocr_line' id='line_1_33' title="bbox 262 4602 1298 4689; baseline -0.001 -22"><span class='ocrx_word' id='word_1_252' title='bbox 262 4604 290 4667; x_wconf 86' lang='grc'><strong>7.</strong></span> <span class='ocrx_word' id='word_1_253' title='bbox 313 4605 380 4669; x_wconf 83' lang='grc' dir='ltr'><strong>Νοη</strong></span> <span class='ocrx_word' id='word_1_254' title='bbox 405 4607 444 4670; x_wconf 91' lang='lat' dir='ltr'><strong>ita</strong></span> <span class='ocrx_word' id='word_1_255' title='bbox 466 4607 558 4671; x_wconf 92' lang='lat' dir='ltr'><strong>multo</strong></span> <span class='ocrx_word' id='word_1_256' title='bbox 581 4614 651 4689; x_wconf 86' lang='lat' dir='ltr'><strong>post</strong></span> <span class='ocrx_word' id='word_1_257' title='bbox 672 4624 780 4670; x_wconf 91' lang='lat' dir='ltr'><strong>annum</strong></span> <span class='ocrx_word' id='word_1_258' title='bbox 806 4602 1044 4687; x_wconf 69' lang='lat' dir='ltr'><strong>tetensteten</strong></span> <span class='ocrx_word' id='word_1_259' title='bbox 1066 4609 1197 4667; x_wconf 89' lang='lat' dir='ltr'><strong>nostram</strong></span> <span class='ocrx_word' id='word_1_260' title='bbox 1220 4621 1298 4667; x_wconf 91' lang='lat' dir='ltr'><strong>con-</strong></span> 
     </span>
     <span class='ocr_line' id='line_1_34' title="bbox 173 4700 873 4792; baseline -0.003 -19"><span class='ocrx_word' id='word_1_261' title='bbox 173 4709 314 4792; x_wconf 82' lang='lat' dir='ltr'><strong>scriptam</strong></span> <span class='ocrx_word' id='word_1_262' title='bbox 336 4727 416 4790; x_wconf 90' lang='lat' dir='ltr'><strong>esse,</strong></span> <span class='ocrx_word' id='word_1_263' title='bbox 871 4700 873 4705; x_wconf 79' lang='grc'><strong>’</strong></span> 
     </span>
    </p>

    <p class='ocr_par' dir='ltr' id='par_1_11' title="bbox 216 4810 1299 4897">
     <span class='ocr_line' id='line_1_35' title="bbox 216 4810 1299 4897; baseline -0.004 -20"><span class='ocrx_word' id='word_1_264' title='bbox 216 4810 258 4897; x_wconf 83' lang='grc' dir='ltr'><strong>α)</strong></span> <span class='ocrx_word' id='word_1_265' title='bbox 281 4832 320 4878; x_wconf 84' lang='lat' dir='ltr'><strong>ex</strong></span> <span class='ocrx_word' id='word_1_266' title='bbox 346 4815 443 4897; x_wconf 82' lang='lat' dir='ltr'><strong>capite</strong></span> <span class='ocrx_word' id='word_1_267' title='bbox 467 4812 507 4879; x_wconf 88' lang='grc'><strong>16</strong></span> <span class='ocrx_word' id='word_1_268' title='bbox 537 4820 636 4896; x_wconf 86' lang='lat' dir='ltr'><strong>patet,</strong></span> <span class='ocrx_word' id='word_1_269' title='bbox 668 4815 718 4880; x_wconf 90' lang='lat' dir='ltr'><strong>ubi</strong></span> <span class='ocrx_word' id='word_1_270' title='bbox 748 4815 787 4879; x_wconf 88' lang='lat' dir='ltr'><strong>de</strong></span> <span class='ocrx_word' id='word_1_271' title='bbox 817 4816 979 4880; x_wconf 85' lang='lat' dir='ltr'><strong>eversione</strong></span> <span class='ocrx_word' id='word_1_272' title='bbox 1000 4812 1228 4895; x_wconf 76' lang='lat' dir='ltr'><strong>Hierosolymaa</strong></span> <span class='ocrx_word' id='word_1_273' title='bbox 1259 4811 1299 4873; x_wconf 81' lang='lat' dir='ltr'><strong>ita</strong></span> 
     </span>
    </p>
   </div>
   <div class='ocr_carea' id='block_1_3' title="bbox 211 5037 620 5109">
    <p class='ocr_par' dir='ltr' id='par_1_12' title="bbox 211 5037 620 5109">
     <span class='ocr_line' id='line_1_36' title="bbox 211 5037 620 5109; baseline 0.01 -18"><span class='ocrx_word' id='word_1_274' title='bbox 211 5039 240 5109; x_wconf 87' lang='lat' dir='ltr'><strong>t)</strong></span> <span class='ocrx_word' id='word_1_275' title='bbox 259 5037 374 5092; x_wconf 79' lang='lat' dir='ltr'><strong>Galiaud.</strong></span> <span class='ocrx_word' id='word_1_276' title='bbox 392 5039 409 5095; x_wconf 87' lang='grc'><strong>1.</strong></span> <span class='ocrx_word' id='word_1_277' title='bbox 429 5056 451 5093; x_wconf 88' lang='lat' dir='ltr'><strong>c.</strong></span> <span class='ocrx_word' id='word_1_278' title='bbox 469 5055 494 5109; x_wconf 76' lang='lat' dir='ltr'><strong>p.</strong></span> <span class='ocrx_word' id='word_1_279' title='bbox 513 5038 620 5095; x_wconf 79' lang='lat' dir='ltr'><strong>xxxtlt.</strong></span> 
     </span>
    </p>
   </div>
   <div class='ocr_carea' id='block_1_4' title="bbox 0 0 1539 6450">
    <p class='ocr_par' dir='ltr' id='par_1_13' title="bbox 0 0 1539 6450">
     <span class='ocr_line' id='line_1_37' title="bbox 0 0 1539 6450; baseline 0 0"><span class='ocrx_word' id='word_1_280' title='bbox 0 0 1539 6450; x_wconf 95' lang='lat' dir='ltr'><strong> </strong></span> 
     </span>
    </p>
   </div>
  </div>
 </body>
</html>
