3067 6450
544 1196 726 1253 dannanus
744 1194 910 1251 uersuum.
939 1196 969 1249 X.
1280 1200 1321 1263 25

204 1362 254 1441 qni
273 1380 336 1423 nou
354 1360 467 1424 hubent
485 1362 672 1442 epitomum?
710 1361 779 1423 Tria
803 1358 940 1444 dogmate
961 1362 989 1422 in
1008 1360 1157 1423 intellectu
1182 1379 1324 1442 compre-

202 1464 311 1530 hendit.
349 1467 444 1531 Porro
467 1467 507 1529 uit
526 1467 583 1528 illis
599 1466 744 1528 Dominus
764 1465 794 1527 in
818 1463 1061 1528 deuteronomio:
1090 1463 1097 1502 ¹
1115 1475 1145 1526 et
1160 1467 1325 1544 disponam

201 1572 243 1634 od
261 1572 413 1652 papatum
434 1574 517 1635 hune
536 1579 706 1651 praecepto
727 1588 804 1631 meo.
850 1569 958 1631 Nonne
981 1586 1056 1651 ergo
1082 1569 1249 1631 mandalum
1270 1569 1325 1631 bet

201 1680 263 1752 εει,
296 1693 337 1736 ue
365 1675 569 1739 manducent?
613 1674 682 1750 Esl3
711 1673 765 1736 sed
798 1673 958 1739 lloscs.iu
989 1674 1094 1754 spiritu
1127 1673 1242 1734 locutus
1270 1678 1324 1735 ost.

168 1836 174 1845 .
201 1779 392 1860 Quapropter
407 1782 451 1843 sic
465 1800 550 1842 suem
568 1780 617 1858 ait,
638 1778 723 1859 quusi
739 1778 867 1840 diceret:
888 1795 947 1839 non
963 1775 1140 1838 adhaerebis
1160 1776 1325 1839 hominibus

200 1883 326 1959 tatibus,
354 1885 403 1962 qui
429 1885 541 1947 similes
563 1890 632 1946 sunt
656 1885 765 1964 porcis.
812 1883 885 1944 Nam
909 1901 997 1963 quum
1021 1882 1049 1943 in
1077 1880 1189 1943 deliciis
1216 1883 1325 1958 vivunt,

201 1986 320 2050 Domini
342 1989 389 2049 sui
413 1988 640 2064 obliviscuntur;
674 2005 763 2067 quum
786 1993 884 2049 autem
909 1986 1107 2048 destituuntur
1135 1986 1326 2064 necessariis,

202 2090 359 2154 bominum
382 2098 556 2174 agnoscunt.
602 2091 637 2153 Et
661 2090 780 2171 quidem
804 2109 931 2171 porcus,
955 2089 1074 2171 quando
1098 2089 1243 2165 comedit,
1267 2087 1326 2151 do·

201 2197 312 2259 minum
327 2214 388 2259 non
405 2197 504 2272 novit3
527 2195 646 2277 quando
669 2202 768 2257 autem
792 2195 893 2272 esurit,
917 2194 1038 2269 clamat3
1064 2200 1092 2255 ει
1108 2199 1229 2274 accepta
1246 2208 1326 2269 esce,

202 2301 311 2362 ilerum
333 2306 419 2362 tacet
464 2301 527 2363 Neo
549 2298 771 2377 manducabis,
804 2300 913 2380 inquil,
939 2300 1094 2379 aquilum,
1120 2317 1217 2379 neque
1239 2297 1326 2359 occi-

200 2405 332 2483 pitrem,
356 2424 456 2486 neque
475 2406 616 2481 miluum,
640 2422 739 2483 neque
762 2422 899 2466 corvum.
945 2404 1011 2466 Non
1032 2402 1225 2480 adhaerebis,
1249 2400 1327 2479 dicit,

201 2504 285 2570 ἱιιεε
300 2508 404 2571 similis
419 2510 480 2571 eris
495 2509 530 2570 iis
547 2507 724 2586 bominibus,
747 2509 798 2588 qui
821 2511 957 2572 nesciunt
972 2508 1027 2571 sibi
1045 2507 1149 2569 labore
1165 2526 1199 2569 ac
1215 2506 1327 2568 sudore

203 2630 313 2693 parare
327 2614 447 2691 victum,
469 2611 523 2675 sed
539 2612 635 2675 aliena
655 2612 773 2693 rapiunt
796 2612 913 2692 inique3
938 2608 993 2673 ³et
1012 2630 1101 2692 quum
1123 2609 1279 2672 videantur
1297 2609 1327 2672 iu

203 2716 390 2798 simplicitate
420 2717 587 2794 ambulare,
618 2721 714 2778 lamen
737 2715 801 2778 aliis
825 2716 1008 2779 insidiantur.
1055 2713 1118 2777 ⁴llt
1141 2734 1213 2777 avcs
1241 2716 1327 2792 istae,

204 2819 274 2884 duru
293 2823 411 2885 otiosae
428 2821 546 2899 sedent,
569 2827 725 2902 quaerunt,
746 2820 898 2902 quomodo
917 2820 1029 2883 alienos
1046 2837 1153 2882 carnes
1170 2819 1326 2895 devorent,

205 2933 335 3007 suntque
352 2925 380 2989 in
395 2925 503 2989 malitia
525 2943 579 2988 stra
602 2923 771 3006 pestiferae.
811 2925 873 2986 Nee
890 2923 1107 2998 ricauducubis,
1133 2923 1234 3002 inqui,
1258 2940 1326 2981 anie-

205 3050 346 3105 coenum,
367 3050 465 3111 nepote
483 3030 643 3111 polypum,
666 3047 764 3108 neque
786 3030 913 3107 sepium.
953 3028 1029 3105 Non,
1054 3028 1156 3107 inquil,
1178 3025 1327 3087 adbaere-

202 3134 256 3213 bis,
282 3151 339 3196 uec
355 3135 458 3197 similis
474 3135 534 3196 eris
550 3132 717 3215 lmjnsmodi
739 3132 918 3211 bominibus,
941 3135 990 3213 qui
1008 3133 1036 3193 in
1054 3139 1229 3212 perpetuum
1248 3130 1326 3208 impii

203 3247 291 3319 sunt,
314 3247 344 3301 el
364 3239 400 3301 ad
420 3245 544 3302 mortem
564 3243 633 3301 sunt
654 3237 812 3319 adjudicati
820 3258 829 3313 3
855 3235 1101 3319 quemadmodum
1117 3236 1164 3296 isti
1185 3233 1328 3313 pisciculi,

203 3344 260 3406 soli
276 3341 433 3421 maledicti,
451 3344 479 3405 iu
499 3340 646 3425 profundo
663 3341 843 3419 volulantur,
867 3359 924 3401 nee
939 3346 970 3402 ul
985 3340 1090 3419 reliqui
1111 3340 1209 3419 pisces
1226 3354 1329 3397 enter-

203 3455 289 3530 gunt‚
313 3445 416 3509 sedin
438 3454 526 3525 ternu,
550 3447 677 3527 quaein
700 3444 850 3525 profundo
871 3446 959 3504 maris
977 3450 1032 3519 est,
1056 3443 1177 3524 degunt.
1217 3438 1276 3501 Sed
1299 3446 1329 3500 et

204 3553 353 3631 leporem,
376 3551 479 3632 iuquit,
503 3570 565 3613 nou
590 3549 739 3612 comedes.
779 3547 1000 3620 Quamobrem?
1036 3543 1090 3607 ⁵ld
1113 3551 1167 3622 est,
1193 3561 1251 3606 non
1269 3544 1328 3604 eris

203 3674 364 3736 puerorum
388 3661 561 3737 corruptor,
593 3671 649 3716 nec
672 3651 796 3714 similem
821 3657 849 3712 te
874 3650 981 3713 talibus
1004 3649 1135 3723 efficies;
1159 3643 1329 3727 ⁶quoniam

204 3761 289 3841 lepus
310 3760 395 3822 annis
417 3758 543 3841 singulis
566 3776 653 3819 anum
677 3755 856 3836 multiplicat.
903 3755 983 3828 Quot
1012 3756 1090 3816 anim
1121 3769 1215 3816 annos
1248 3751 1330 3828 sivit,

205 3870 246 3925 lot
270 3863 360 3926 habel
384 3863 534 3926 foramina.
572 3862 634 3924 Sed
656 3880 712 3924 occ
734 3861 888 3940 hyaenam
912 3858 1124 3921 inundueohis.
1169 3855 1235 3918 Non
1260 3856 1329 3934 cris,

205 3968 311 4049 inquil,
335 3966 458 4045 adulter,
480 3985 580 4048 neque
596 3972 756 4046 corruptor
776 3982 946 4046 puerorum,
971 3981 1070 4045 neque
1086 3962 1191 4024 talibus
1208 3961 1329 4022 assimi-

205 4071 324 4135 laberis.
363 4072 488 4145 Quare?
532 4072 607 4146 Ouia
630 4070 707 4132 istud
730 4069 837 4131 animal
860 4069 1010 4130 annuatim
1034 4085 1139 4127 sexum
1163 4070 1271 4140 minat,
1300 4071 1330 4125 et

205 4176 295 4238 modo
318 4193 396 4253 mus,
419 4175 508 4238 modo
532 4174 638 4236 lemine
661 4179 714 4235 est.
753 4172 812 4235 Sed
835 4179 862 4234 et
883 4171 1035 4234 mustelam
1053 4172 1135 4252 justo
1159 4168 1228 4231 odio
1253 4186 1329 4249 pro-

205 4287 327 4343 secutus
351 4286 404 4342 εει
452 4278 637 4355 Dissimilem,
662 4278 774 4357 inquit,
798 4283 827 4338 te
849 4277 1007 4357 praebebis
1032 4274 1102 4335 viris
1126 4271 1198 4348 illis,
1228 4266 1330 4352 ⁷quos

206 4382 341 4445 audimus
365 4400 420 4446 ore
442 4384 567 4464 impuro
581 4382 738 4464 nequitiam
763 4387 899 4462 patrare3
928 4399 983 4443 nee
1008 4376 1184 4441 adhaerebis
1212 4376 1331 4458 impuris

206 4589 303 4638 tionem
322 4587 485 4656 allegoricam
511 4589 586 4638 elium
605 4586 672 4654 apud
691 4583 755 4637 Cle·
784 4596 844 4654 queat
862 4589 916 4639 aiut
935 4586 1057 4652 eorporis
1081 4598 1209 4635 cauernae
1227 4584 1260 4633 ad
1277 4598 1331 4634 ec-

207 4681 318 4724 menlem
331 4673 403 4725 Alex.
416 4672 562 4741 Pnedagog.
576 4672 617 4724 lib.
631 4671 662 4724 ll.
676 4688 698 4722 ε.
715 4673 754 4723 10.
784 4683 914 4725 crementa
933 4671 1027 4737 lepori,
1048 4670 1150 4720 totidem
1169 4684 1253 4720 asinoe
1272 4681 1334 4720 ears

207 4760 331 4828 reperies,
350 4762 393 4827 qul
407 4776 463 4812 eam
476 4776 491 4811 a
505 4758 635 4811 barnabae
649 4759 755 4830 epistola
783 4763 886 4812 uelutis.
923 4760 1008 4819 iden,
1033 4763 1170 4822 utramque
1193 4755 1247 4805 cim
1271 4753 1332 4803 sin·

207 4847 328 4898 sumaim
344 4846 454 4899 videtur.
783 4847 856 4915 pulis
883 4848 987 4905 inesse,
1013 4858 1044 4893 aa
1070 4842 1130 4892 aina
1154 4855 1227 4891 erare
1253 4852 1333 4905 capita

241 4932 274 4996 ε)
289 4931 491 4998 subernum,
504 4932 627 4986 armna.
641 4930 756 4985 muru.
784 4936 899 5001 pum.
1241 4911 1244 4920 '

208 5035 230 5072 ε.
244 5020 278 5071 55
291 5018 417 5090 laginam
436 5024 582 5075 Aramaua
600 5028 756 5087 auctorest,
820 5017 850 5083 7]
869 5015 1012 5068 Fellatores
1023 5020 1049 5065 at
1062 5010 1208 5063 bellatrices.
1236 5012 1332 5064 Cornu.
