3067 6450
286 1198 351 1266 ³54
496 1191 633 1263 unauna
651 1191 787 1247 eastun.
821 1191 966 1266 nmen-n.
1002 1189 1201 1245 urrunnu.

279 1351 365 1443 ,τσίτη
393 1350 478 1422 ἐστίν
502 1344 585 1442 ὑπὲρ
607 1349 645 1416 τὸ
668 1347 757 1431 με’λι,
787 1344 838 1413 καί
865 1351 893 1415 in
924 1353 987 1434 ipsa
1011 1357 1231 1430 commoratum
1262 1371 1329 1414 nam
1353 1353 1410 1415 ira·

286 1453 460 1549 είίχρρστός
483 1459 552 1526 ἐστι
577 1459 625 1542 aqi
646 1451 759 1542 κυρίῳ,
785 1452 837 1517 καί
865 1458 970 1521 cundia
987 1458 1095 1521 inutilis
1112 1466 1167 1519 est.
1191 1458 1223 1521 Si
1237 1477 1314 1540 ergo
1327 1459 1410 1519 mixta

285 1564 318 1631 ἐν
339 1558 424 1653 αι’τῇ
445 1564 599 1629 κατοικεῖ·
624 1552 644 1647 ἡ
668 1556 704 1624 δὲ
726 1556 836 1639 ὀξυχο-
865 1562 954 1624 suerit
991 1562 1143 1624 iracundia
1181 1563 1409 1643 aequanimitati‚

285 1669 341 1735 tta
375 1668 429 1755 τήν
459 1663 684 1754 μακροθυμίαν
712 1660 837 1746 μιαίνει.
864 1666 1077 1729 contribulatur
1099 1668 1227 1744 animus,

286 1784 316 1840 et
339 1795 398 1840 nan
423 1783 469 1838 est
492 1775 570 1836 utilis
594 1773 659 1835 Dea
687 1772 781 1836 aratio
806 1770 912 1832 illius.“
943 1770 980 1832 Et
1003 1771 1064 1833 dixi
1088 1772 1147 1835 ilii:
1172 1771 1304 1851 „uellem
1328 1772 1409 1850 scire,

285 1880 421 1959 damian,
453 1879 611 1959 nequitiam
646 1874 834 1954 iracundiae,
866 1883 896 1937 ut
927 1875 1091 1939 custodiam
1122 1895 1169 1939 me
1192 1878 1231 1938 ab
1256 1876 1335 1938 itta}
1380 1876 1410 1937 Et

285 1986 358 2049 dixit
382 1985 467 2047 mihi:
493 1984 610 2062 „scies3
635 1983 713 2043 etsi
737 1998 797 2043 nan
822 1979 999 2043 custodieris
1023 1990 1052 2044 te
1068 1982 1103 2044 atr
1120 1982 1178 2059 itia,
1204 1982 1319 2063 perdes
1334 2000 1409 2063 spen

285 2098 363 2154 tuam
387 2109 452 2152 curn
476 2095 538 2151 tota
561 2088 648 2149 doma
673 2093 730 2149 tua.
759 2084 818 2149 Sed
842 2085 953 2148 recede
977 2086 1012 2147 ab
1037 2086 1093 2147 itta.
1124 2085 1190 2166 Ego
1217 2089 1297 2147 enim
1319 2093 1409 2148 tecum

284 2212 348 2256 sum
372 2195 491 2256 nuntius
508 2192 671 2272 aequitatis,
695 2199 724 2253 et
741 2207 856 2268 omues,
880 2190 929 2269 qui
950 2191 985 2252 ab
1002 2209 1037 2251 ea
1054 2189 1209 2268 recedunt,
1234 2192 1408 2272 quicumque

284 2299 494 2380 paenitentiam
520 2296 637 2378 egerint
661 2314 700 2356 cx
724 2297 793 2356 totis
818 2295 1003 2375 praecordiis
1023 2296 1102 2373 suis,
1126 2296 1229 2357 vivent
1253 2296 1338 2372 Deo;
1362 2295 1407 2358 sed

269 2410 314 2465 et
344 2421 410 2464 eum
441 2402 495 2464 iltis
528 2419 600 2478 era,
633 2406 662 2460 et
690 2400 879 2461 conservabo
910 2419 1031 2475 omnes;
1060 2401 1213 2483 justificati
1243 2402 1325 2463 enim
1348 2407 1407 2463 sunt

284 2524 404 2584 omnes,
429 2507 479 2586 qui
503 2505 714 2586 poenitentiam
738 2505 874 2586 egerint,
899 2523 915 2566 a
939 2506 1126 2569 sanctissimo
1152 2507 1288 2568 nuntia.“

331 2599 461 2671 Ι’Ἀκοοε
483 2605 520 2672 δὲ
541 2604 592 2671 καί
612 2603 834 2693 τὴνὲνέργειαν
907 2609 939 2672 ΙΙ.
988 2610 1121 2689 ¹„Audi
1155 2611 1276 2689 nunc‚“
1313 2610 1405 2691 inquit

284 2712 340 2797 τῆς
377 2705 562 2793 ὀξιιχοίίας,
603 2711 675 2784 πῶς
711 2701 834 2798 πονηρά
864 2717 1043 2797 „nequitiam
1090 2714 1283 2792 iracundiae,
1329 2732 1404 2794 quam

283 2812 379 2893 ἐστιν,
401 2814 451 2880 καί
476 2816 582 2900 πλανᾷ
604 2811 681 2891 τούς
697 2814 835 2892 δούλους
861 2839 954 2901 prava
985 2840 1132 2902 quamque
1162 2819 1253 2881 naxia
1286 2825 1353 2897 est,
1381 2824 1404 2877 et

282 2920 344 2983 τοῦ
369 2921 449 2997 Θεῡ,
479 2918 533 2984 καὶ
555 2916 772 3009 καταστρέφει
794 2922 835 3006 τῇ
863 2945 923 3004 quo
955 2933 1041 3008 pacta
1071 2942 1180 2986 servos
1209 2924 1266 2984 Dei
1298 2924 1403 2985 evertit.

282 3020 395 3110 ἑαυτῆς
418 3022 573 3113 ἐνεργείᾳ·
589 3018 644 3091 οὐκ
660 3018 836 3111 οἷποπίανᾷ
862 3031 918 3103 Oui
948 3030 1025 3092 enim
1049 3030 1128 3111 pleni
1150 3035 1221 3091 sunt
1243 3027 1323 3106 fide,
1353 3045 1403 3089 nau

284 3127 321 3194 δὲ
350 3128 426 3206 τούς
458 3124 552 3208 ὄντας
578 3122 708 3218 πλήρεις
737 3130 769 3195 ἐν
795 3131 834 3217 τῇ
862 3142 962 3216 potest
999 3153 1111 3197 nocere
1148 3134 1226 3212 iilis,
1271 3134 1402 3214 quonian

284 3236 404 3314 πίστει,
427 3230 500 3301 οὐδὲ
524 3236 683 3326 ἐνεργῆσαι
703 3227 834 3302 δύναται
862 3242 956 3303 virtus
980 3241 1034 3302 Dei
1057 3247 1103 3302 est
1126 3259 1192 3302 cum
1217 3241 1293 3318 iltis3
1320 3258 1402 3303 erer-

284 3337 330 3416 είς
351 3339 480 3420 αὐτούς,
510 3336 559 3406 ὅτι
582 3340 600 3429 ἡ
622 3335 755 3424 δύναμις
777 3341 835 3406 τοῦ
862 3346 895 3407 tit
932 3346 1010 3407 enim
1046 3342 1152 3407 dubias
1188 3350 1219 3406 et
1257 3342 1401 3408 πνοειισε.

283 3444 394 3529 κυρίου
415 3443 482 3529 μετ’
504 3438 609 3511 αὐτῶν
625 3444 728 3512 ἐστιν·
752 3437 834 3510 dud
862 3451 987 3525 Quoties
1037 3456 1135 3511 autem
1184 3447 1294 3512 viderit
1338 3450 1401 3511 ates

283 3542 456 3638 α’ποπλανᾷ
506 3545 582 3626 τούς
626 3549 788 3637 διψὺχοιις
811 3549 833 3611 ².
862 3555 1014 3632 homines,
1052 3553 1144 3634 injicit
1180 3570 1217 3615 se
1254 3555 1287 3618 in
1320 3553 1400 3617 corda

285 3649 381 3719 Ὅταν
403 3649 462 3744 γάρ
493 3657 547 3744 atq
570 3648 834 3731 cotumaciam
861 3677 982 3746 earum,
1014 3654 1074 3719 ³et
1101 3655 1138 3719 de
1169 3657 1262 3721 nihilo
1295 3667 1345 3722 aut
1365 3660 1401 3720 rir

282 3752 478 3847 ἀνθρώπους
488 3754 734 3838 εὐσταθοῦντας,
747 3782 831 3846 παρ-
860 3770 910 3827 aut
942 3763 1046 3825 mulier
1080 3763 1308 3827 amaritudinem
1337 3781 1399 3846 per·

281 3864 432 3945 εμβοίλίει
462 3860 575 3950 ἑαυτήν
603 3861 649 3940 εἰς
675 3862 732 3952 τήν
754 3886 830 3950 καρ-
860 3869 931 3949 cipit
966 3875 1089 3951 propter
1121 3885 1189 3946 res,
1229 3886 1309 3948 quae
1343 3871 1400 3930 sunt

282 3966 351 4032 δίαν
373 3969 431 4032 τοῦ
453 3958 648 4052 ἀνθρώπου·
677 3966 757 4033 3καί
781 3967 833 4033 οὖ-
860 3972 889 4033 in
912 3990 984 4050 usu,
1017 3979 1067 4033 aut
1089 3990 1144 4053 pra
1168 3972 1333 4051 convictu,
1360 3975 1400 4032 aut

280 4095 345 4146 τως
360 4069 562 4158 πικραίνεται
576 4062 754 4158 ἄνθρωπος
769 4069 832 4136 ίνε-
860 4093 914 4155 pra
961 4076 1060 4155 aliquo
1105 4075 1219 4155 verbo,
1265 4077 1292 4137 si
1331 4072 1399 4158 quad

281 4199 331 4239 κεν
368 4178 528 4256 βιωτικῶν
563 4172 774 4265 πραγμάτων,
812 4168 833 4263 ἢ
859 4177 939 4241 torte
962 4179 1080 4257 incidit,
1115 4196 1329 4261 supervacuo,
1361 4182 1401 4241 aut

281 4276 379 4368 φίλου
393 4279 489 4360 τινὸς,
512 4280 531 4368 ἢ
551 4278 627 4370 περί
642 4274 765 4358 δόσεως
779 4278 832 4346 καὶ
858 4300 914 4363 pru
943 4283 1037 4345 amico
1064 4284 1182 4364 aliqua,
1215 4291 1268 4347 aut
1302 4283 1400 4358 dehita,

281 4378 420 4470 λήψεως,
444 4378 465 4471 ἢ
487 4385 564 4474 περὶ
587 4379 745 4453 τοιούτων
758 4408 832 4467 μια-
858 4393 908 4449 aut
952 4405 1007 4468 pra
1052 4387 1097 4450 itis
1134 4387 1282 4451 similibus
1321 4389 1400 4452 rebus

280 4490 345 4575 ρων
361 4482 566 4577 πραγμάτων.
601 4492 712 4557 Ταῦτα
726 4481 832 4554 πάντα
857 4492 1062 4573 supervacuis.
1106 4491 1189 4553 Haec
1221 4492 1303 4554 enirn
1325 4491 1399 4554 stulta

280 4587 374 4682 μωροί
396 4594 484 4661 ἐστιν
504 4590 712 4660 natandum
727 4586 830 4675 αἷσιίμ-
857 4603 926 4659 sunt
963 4604 994 4658 et
1030 4612 1219 4677 supervacua
1264 4602 1298 4658 ct
1335 4610 1399 4658 rana

316 4770 344 4835 1)
365 4768 402 4819 Ex
420 4768 520 4836 [doctr.
548 4773 583 4823 ad
610 4771 726 4823 Antiaetr.
757 4784 783 4819 n.
803 4767 829 4820 5.
857 4766 948 4819 audine
957 4768 1078 4819 momenti
1088 4766 1205 4819 homines
1214 4768 1396 4828 exacerbantur,

280 4872 304 4923 p.
327 4857 377 4908 253
397 4872 452 4926 req.
858 4870 882 4907 e.
900 4870 925 4922 g.
945 4862 1124 4923 propterca,
1143 4871 1212 4923 quae
1230 4855 1263 4908 ad
1282 4854 1395 4926 quotidie

315 4943 343 5007 2)
363 4943 404 4996 Sc.
423 4947 479 5012 fide.
857 4958 915 4993 num
945 4943 1013 4995 vitae
1042 4957 1131 5009 auum,
1161 4950 1206 4995 aut
1234 4944 1330 4995 rictum
1356 4947 1393 4993 etc

153 5043 217 5309 λ
316 5028 345 5096 3)
364 5027 383 5079 1.
404 5045 426 5080 e.
457 5039 562 5099 propter
590 5044 633 5083 τοι
661 5030 756 5082 minimi
787 5026 830 5083 vel
856 5029 992 5097 pertinent.
