3067 6450
641 1175 894 1230 ructes-rursu
1133 1177 1336 1247 [turchot

407 1375 457 1454 ll.
510 1374 564 1454 ht:
595 1369 808 1451 lllllTllllll
835 1369 871 1450 S.
897 1369 1140 1452 Pbbl'Gllll'l.

297 1550 317 1612 Ι.
363 1550 463 1628 ,lnter
481 1550 682 1631 praeclariora
701 1547 926 1610 ecclesiasticae
947 1549 1132 1628 antiquitatis
1152 1557 1339 1614 monumenta

207 1659 313 1718 merito
345 1664 521 1719 recensetur
551 1654 682 1737 Epistola
713 1652 868 1714 Ecclesiae
897 1653 1090 1734 smyrnensis
1125 1655 1167 1717 de
1202 1659 1338 1739 martyrio

207 1762 237 1824 S.
261 1761 431 1843 Polycarpi,
454 1764 548 1838 adeo,
571 1770 601 1822 ut
626 1761 701 1820 illam
724 1779 822 1840 paene
844 1761 992 1841 integram
1016 1760 1171 1825 Eusebius
1202 1763 1339 1826 historiae

206 1884 282 1928 suae
297 1870 477 1929 necessario
494 1866 691 1928 inserendum
707 1866 921 1926 existimaverit
939 1864 956 1925 ¹.
1002 1865 1080 1938 Quin
1106 1868 1201 1929 immo
1225 1869 1339 1931 illustris

125 2025 133 2040 ,
206 1974 273 2053 ejus
297 1973 444 2053 interpres
469 1970 604 2033 l'alesius
627 1988 666 2031 eo
690 1972 857 2051 processit,
880 1979 913 2032 ut
935 1970 1089 2032 albrurarit
1106 1969 1158 2056 ²),
1186 1975 1339 2059 Polycarpi

206 2079 334 2159 ejusque
356 2081 507 2139 sociorum
532 2077 702 2157 martyrium
726 2076 831 2134 litteris
854 2075 991 2137 traditum
1017 2094 1089 2137 esse
1117 2082 1257 2142 omnium
1280 2083 1338 2162 pri-

206 2201 295 2259 mum,
320 2185 456 2261 Actaque
478 2181 638 2260 blartyrum
660 2180 740 2241 nulla
765 2189 888 2242 exstare
911 2183 1096 2262 antiquiora3
1120 2202 1182 2246 nec
1207 2185 1340 2248 dubitarit

206 2287 342 2370 proinde,
366 2289 436 2365 quin
461 2284 507 2345 illa
524 2285 747 2366 smyrnensium
771 2286 895 2366 epistola
920 2288 1016 2366 primo
1036 2288 1107 2350 loco
1130 2291 1233 2369 posita
1257 2291 1339 2354 luerit

206 2393 244 2455 ab
266 2390 407 2464 Eusebio,
431 2391 460 2449 io
484 2388 569 2464 libro,
593 2408 681 2468 queem
705 2392 855 2471 inscripsit
877 2382 1020 2473 ἀρχαίων
1038 2396 1231 2480 μαρτιριών
1249 2417 1337 2461 συνα-

206 2485 300 2579 γωγή.
330 2494 459 2557 Molliter
477 2500 572 2555 lamen
590 2497 786 2577 excipiendus
803 2498 849 2558 sir
860 2497 1067 2573 doctissimus;
1083 2499 1220 2563 nondum
1232 2505 1336 2584 quippe

207 2602 335 2677 detecta,
356 2619 416 2681 quo
439 2606 573 2679 tempore
597 2598 647 2660 ille
669 2603 714 2662 sic
735 2602 900 2680 sentiebat,
923 2603 998 2664 Acta
1023 2607 1156 2686 martprii
1181 2606 1213 2669 S.
1237 2607 1336 2691 lgnatii

207 2708 355 2771 sincera?
401 2705 441 2768 lta
466 2704 636 2767 Gallandius
652 2703 694 2787 3).

296 2811 327 2873 ll.
350 2810 478 2892 Insignis
494 2809 567 2872 haec
585 2808 622 2870 de
639 2813 780 2892 martyrio
797 2810 826 2874 S.
842 2811 998 2894 Polycarpi
1019 2813 1145 2893 epistola
1160 2818 1335 2896 rectissime,

208 2924 240 2980 ut
262 2918 399 2980 Surithius
422 2915 509 2977 docet
526 2912 576 2998 ⁴),
601 2915 678 2994 ,dici
701 2922 800 2997 potest
823 2905 987 2997 ἐγκὲώος
1008 2920 1075 2980 sire
1098 2922 1283 3000 encyclico,
1309 2928 1336 2984 ut

209 3039 249 3083 ex
277 3023 470 3102 inscriptione
498 3027 594 3101 potet;
626 3031 729 3103 utpote
752 3022 788 3083 ad
813 3024 910 3083 varios
935 3023 1096 3100 ecclesias,
1129 3030 1189 3085 tatu
1214 3028 1243 3087 in
1268 3027 1335 3090 Asia

208 3129 315 3190 minori
338 3129 460 3204 vicinas,
485 3146 571 3208 quam
594 3127 663 3189 alibi
685 3129 714 3188 in
737 3127 802 3189 aliis
819 3128 992 3208 prouinciis,
1014 3118 1221 3191 κατάπάντα
1235 3120 1335 3194 τόπον

207 3235 396 3310 transmissu;
421 3252 497 3315 quae
520 3233 558 3296 de
580 3234 616 3295 iis
639 3232 723 3308 solis,
746 3251 823 3313 quae
843 3227 922 3295 xero
938 3225 1071 3309 Honor,
1087 3237 1192 3314 jacta
1208 3237 1335 3302 ronre-

206 3339 281 3401 sitae
310 3346 411 3416 erunt,
443 3340 518 3401 male
548 3340 759 3419 interpretatur
782 3337 928 3400 Eusebius
946 3335 995 3420 ⁵),
1026 3357 1081 3418 pro
1111 3329 1237 3416 πάσαις
1265 3346 1335 3417 ταῖς

205 3435 554 3519 emendicandae,
586 3463 674 3524 quum
698 3442 734 3505 ad
757 3461 862 3505 omnes
886 3443 1046 3520 ecclesias,
1077 3445 1127 3507 ubi
1158 3448 1335 3511 christianae

206 3551 362 3634 religionis
397 3552 547 3633 prolessio
581 3551 716 3630 vigebat,
750 3567 806 3628 per
838 3549 981 3609 orientem
1012 3550 1175 3630 praecipue
1206 3570 1335 3632 sparsas,

207 3655 314 3717 debent
337 3658 496 3740 propagari
519 3662 549 3716 ct
565 3654 685 3715 extendi
702 3656 737 3716 ah
758 3655 829 3734 ipsis
844 3654 1156 3731 Philadelphenrihas
1169 3651 1214 3738 ⁶),
1238 3677 1335 3739 quon·

207 3766 268 3820 lum
301 3762 328 3820 in
361 3763 432 3840 ipsis
464 3766 544 3835 erut,
573 3758 640 3830 τοῖς
669 3754 813 3821 ἐπέκεινα
841 3750 997 3843 u'delqoig
1026 3764 1270 3826 communicanda
1289 3758 1334 3847 7);

207 3861 310 3924 eadem
335 3866 495 3926 vorborum
518 3867 598 3925 serie
622 3865 651 3926 in
675 3865 811 3954 oninihus
834 3872 965 3941 retenta,
995 3866 1122 3946 soloque
1147 3868 1335 3947 particularis

207 3967 364 4044 ccclesiae,
388 3968 424 4029 ad
450 3987 537 4048 quam
561 3968 707 4051 dirigitur,
730 3971 850 4031 nomine
873 3971 1013 4032 mutato.“

294 4069 339 4134 ΙΙΙ.
384 4073 466 4133 Hanc
500 4074 653 4155 epistolam
688 4093 748 4136 non
784 4077 925 4136 continuo
961 4083 1029 4155 post
1062 4074 1221 4156 Polycarpi
1253 4096 1336 4138 mar-

206 4176 314 4258 tyrium
330 4170 379 4258 ⁸),
413 4178 466 4239 sed
498 4180 647 4258 aliquanto
679 4186 747 4261 post
779 4188 913 4261 tempore
947 4199 962 4240 a
993 4181 1164 4261 Smyrnaeis
1195 4186 1336 4262 scriptam

145 4364 152 4374 .
208 4282 300 4343 luisse
323 4283 475 4345 contendit
498 4284 634 4345 Valesius
651 4279 699 4368 ⁹),
732 4287 850 4348 dicens:
887 4304 1003 4366 ,quum
1028 4286 1274 4349 Philomelienses
1298 4286 1337 4349 de

103 5239 166 5309 k

242 4417 269 4485 1)
289 4418 352 4470 Hist.
373 4420 435 4472 eccl.
456 4421 497 4474 tv.
519 4422 558 4472 15.
783 4422 926 4487 inscriptam
952 4420 1030 4472 luisse
1055 4424 1144 4473 statuit
1165 4420 1336 4486 lucubrabat,

242 4506 271 4574 2)
291 4506 354 4556 lbid.
375 4506 432 4559 Not.
455 4509 476 4560 1.
784 4525 858 4576 quem
887 4525 934 4560 noa
959 4512 1040 4560 secuti
1064 4526 1158 4559 sunaus.
1197 4509 1250 4561 Clr.
1270 4526 1337 4578 quae

242 4593 269 4656 3)
290 4590 407 4647 Biblioth.
432 4604 546 4646 veterum
570 4594 670 4647 Petrum
695 4594 712 4648 l.
732 4612 754 4647 c.
783 4596 845 4645 intra
865 4596 896 4646 ad
916 4599 1106 4663 inscriptionem
1122 4596 1197 4662 hujus
1210 4598 1337 4663 epistolae

206 4697 232 4749 p.
251 4679 376 4732 lxxtttx.
782 4686 990 4755 annotavimusp
1019 4684 1078 4733 273.
1097 4693 1150 4734 not.
1169 4684 1195 4734 7.

241 4770 271 4835 4)
290 4768 373 4819 Schol.
386 4771 409 4820 in
420 4768 651 4836 EpSrnyrnEccl.
663 4770 754 4837 prta.
818 4771 846 4826 'lt
866 4768 913 4836 Ep.
935 4770 1002 4821 Eccl.
1021 4770 1118 4837 Smyrn.
1139 4788 1161 4822 c.
1180 4771 1223 4822 20.

242 4856 270 4923 5)
289 4855 350 4907 llist.
369 4856 433 4907 eccl.
454 4856 495 4919 lV,
519 4858 557 4908 15.
818 4858 847 4923 8)
868 4857 930 4908 Vide
948 4875 1057 4926 auprap
1087 4858 1189 4910 lxxvt.

243 4943 271 5004 6)
300 4942 355 4993 Non
394 4947 671 5010 Philadelphrrrrilua,
709 4944 754 4995 aed
818 4944 845 5002 91
866 4946 924 4996 hot.
950 4944 961 4994 Ι
991 4945 1022 4995 ad
1050 4949 1147 5000 Ensel.
1176 4945 1240 5000 llist.
1269 4947 1335 5000 eccl.

208 5028 323 5083 fidelihus
333 5032 485 5085 Philomelii
496 5030 631 5100 epistolam
644 5041 754 5084 nostram
783 5029 825 5098 tt,
847 5032 887 5082 15.
