3067 6450
379 1176 573 1233 ldhlllllllllll
593 1177 618 1231 S.
638 1175 829 1234 rottcnnst
849 1178 879 1231 V.
899 1177 941 1232 vl.
960 1178 1013 1234 vti.
1196 1183 1261 1249 279

131 1342 214 1408 aliud
238 1359 343 1427 agens,
366 1341 424 1404 nisi
445 1339 526 1422 quod
550 1345 651 1404 oraret
673 1357 728 1423 pro
752 1338 903 1403 universis
923 1346 954 1402 et
973 1359 1029 1422 pro
1050 1343 1185 1406 omnibus
1206 1361 1262 1425 per

133 1449 239 1513 orbem
279 1445 415 1509 ecclesiis
423 1467 433 1523 3
472 1445 552 1527 quod
587 1444 643 1527 ipsi
678 1451 742 1506 erat
775 1443 919 1506 solemne.
974 1443 1011 1507 Et
1048 1465 1114 1509 eum
1153 1452 1262 1526 oraret,

133 1554 232 1618 triduo
264 1557 420 1632 antequam
452 1546 776 1630 comprehenderetur,
809 1548 885 1612 visio
916 1548 945 1610 ei
975 1550 1097 1632 obtigit,
1129 1551 1263 1632 viditque

132 1656 264 1721 cervical
292 1673 379 1718 suum
408 1653 547 1718 incendio
578 1651 778 1735 conflagrans.
823 1652 859 1714 Et
892 1670 1058 1717 conversus
1092 1653 1129 1718 ad
1160 1656 1263 1718 socios

132 1761 308 1847 prophetice
332 1759 421 1822 dixit:
445 1764 569 1840 oportet
589 1775 635 1817 me
657 1758 761 1819 uicem
788 1752 961 1820 'comburi

176 1951 224 2013 vi.
269 1948 463 2033 Polycarpue
488 1969 508 2012 u
530 1949 656 2011 servulo
673 1948 833 2030 proditur.
874 1947 1016 2013 Herodes
1039 1949 1219 2012 irenarcha.

221 2074 401 2137 instantibus
425 2082 523 2136 autem
549 2074 595 2152 iis,
619 2074 668 2153 qui
692 2071 877 2154 quaerebant
899 2091 976 2149 eum,
1002 2073 1031 2135 in
1056 2072 1140 2134 aliam
1165 2071 1263 2134 villam

133 2179 289 2260 migrari13
319 2184 349 2240 et
380 2179 476 2240 statim
507 2176 632 2240 aderant
662 2178 880 2259 exploratores.
926 2176 1059 2258 Cumque
1090 2177 1169 2240 illum
1202 2194 1263 2239 non

132 2283 329 2366 reperissent,
352 2281 428 2346 duos
451 2281 590 2346 servulos
614 2280 913 2362 comprehenderunt,
937 2300 1063 2364 quorum
1085 2279 1170 2359 alter,
1194 2286 1271 2343 tor·-

133 2389 241 2450 meutis
263 2386 416 2466 subditus,
440 2384 600 2450 confessus
623 2392 677 2448 est
723 2383 936 2469 ²lmpossibite
962 2393 1059 2452 autern
1083 2392 1146 2448 erat
1169 2386 1263 2449 latere

133 2493 239 2575 ipsum,
263 2511 329 2555 cum
352 2490 524 2574 proditores
546 2489 701 2555 domestici
724 2493 790 2573 ejus
814 2497 924 2554 essent
970 2486 1152 2554 ³lrenarcha
1175 2509 1262 2570 vero,

133 2597 183 2659 vel
213 2593 448 2676 ⁴cleronomus,
482 2594 562 2677 quod
594 2595 671 2659 idem
703 2594 839 2659 ⁵munus
868 2603 930 2676 est,
964 2597 1083 2659 nomine
1112 2585 1261 2675 llerodes,

133 2702 164 2765 in
192 2702 317 2763 stadium
348 2701 427 2764 illum
457 2700 569 2763 ducere
599 2700 796 2784 properabat,
828 2709 861 2764 ut
887 2700 935 2764 hic
962 2706 1073 2763 sortem
1095 2718 1180 2762 suam
1203 2702 1263 2763 im·

132 2804 245 2887 ploret,
276 2804 384 2868 Christi
415 2823 543 2869 consors
574 2805 687 2884 tactus;
719 2806 890 2888 proditores
921 2814 1019 2870 autem
1045 2804 1140 2870 Judae
1169 2807 1262 2888 ipsius

131 2927 248 2995 poenas
271 2910 416 2974 sulcanti
897 2893 900 2900 ’

290 3098 349 3163 vlt.
393 3099 585 3184 Polycarpue
608 3122 629 3165 e
650 3102 908 3181 persecutoribus
937 3103 1102 3166 invenitur.

221 3220 371 3285 Habentes
395 3241 470 3306 ergo
493 3224 668 3305 puerulum,
701 3222 775 3286 teria
798 3231 901 3304 sexta,
928 3226 984 3290 sub
1008 3226 1111 3288 boram
1134 3240 1260 3301 coenae,

133 3328 253 3409 egressi
275 3331 343 3389 sunt
364 3336 578 3408 persecutores
602 3336 631 3391 et
654 3330 770 3409 equites
790 3317 1024 3394 eum'consuetis
1039 3329 1139 3406 armis,
1161 3322 1260 3389 ‘ten-

133 3451 225 3513 quem
254 3433 405 3495 aduersus
420 3434 590 3512 ‚iatronem
616 3436 860 3516 proficiscentes.
906 3434 942 3497 Et
972 3435 1028 3497 suh
1058 3432 1260 3514 vespertinum

132 3543 249 3617 tempus
274 3530 501 3617 'advenientes
524 3538 603 3602 illum
626 3534 681 3600 ⁸in
703 3539 853 3622 superiori
875 3539 1010 3602 cubiculo
1027 3556 1136 3621 parvae
1152 3537 1260 3616 eujus-

133 3637 200 3701 dam
224 3638 329 3704 domus
352 3640 586 3705 discumbentem
609 3644 806 3720 invenerunt;
838 3643 916 3705 unda
945 3643 973 3703 in
1004 3641 1083 3705 aliud
1106 3640 1260 3723 praedium

132 3744 217 3806 abire
240 3750 369 3826 poterat,
394 3744 447 3808 sed
471 3746 581 3826 noluit,
609 3746 727 3810 dicens:
752 3742 837 3827 ⁹fiut
857 3747 1003 3810 uoluntas
1028 3741 1138 3808 ¹⁰Dei.
1185 3745 1259 3807 Cum

136 3846 160 3886 ¹¹
177 3867 252 3912 vero
275 3867 329 3913 eos
352 3849 502 3913 adstantes
525 3851 657 3916 audisset
687 3872 722 3916 ac
749 3851 971 3930 descendisset,
1001 3870 1067 3913 cum
1091 3851 1135 3912 eis
1158 3848 1257 3912 collo·

132 3960 221 4016 culus
248 3960 312 4033 est,
344 3955 516 4017 mirantibus
546 3956 607 4034 iis,
632 3957 682 4037 qui
712 3956 853 4033 aderant,
886 3962 1013 4018 aetatem
1040 3955 1106 4037 ejus
1129 3959 1159 4016 et
1181 3972 1260 4016 con·

131 4060 286 4137 stantiam,
322 4055 345 4096 ¹²
361 4058 501 4141 quodque
524 4061 579 4142 ipsi
603 4066 683 4124 tanto
707 4060 806 4124 studio
830 4060 875 4122 usi
900 4059 1009 4123 luerint
1030 4059 1067 4121 ad
1091 4056 1260 4141 hujusmodi

133 4165 231 4226 virum
268 4180 372 4225 senem
410 4163 730 4245 comprehendendum.
786 4165 888 4229 Statim
921 4183 999 4226 nunc
1033 4163 1082 4226 illa
1115 4162 1190 4227 hora
1225 4162 1261 4225 iis
1304 4217 1306 4222 .

169 4317 200 4385 6)
219 4315 306 4367 hlatth.
325 4316 369 4383 ts,
387 4318 431 4370 55.
730 4319 774 4382 10)
794 4318 829 4371 lte
847 4315 1007 4369 lacohsonns
1032 4333 1047 4367 a
1071 4316 1150 4369 trihus
1170 4313 1261 4380 codd.;

168 4403 198 4467 7)
218 4402 253 4456 lta
267 4400 384 4455 Uenerius
402 4412 429 4456 et
446 4402 565 4457 smithius
585 4423 616 4459 ex
630 4405 684 4458 Eu·
711 4404 785 4474 Vulg.
804 4407 892 4470 κυρίου.

132 4490 200 4543 sehii
219 4488 262 4556 (ll.
281 4488 312 4540 Ε.
332 4489 375 4554 lll,
395 4490 448 4553 15.)
473 4489 585 4543 lectione
611 4490 684 4542 hart-
730 4494 777 4558 ll)
794 4492 831 4544 lta
844 4490 1002 4543 Jacobsnnas
1021 4507 1036 4542 e
1055 4489 1131 4542 codd.
1144 4486 1219 4539 vina.
1235 4492 1262 4538 et

132 4574 583 4646 atnereontpendnmestepanum.
601 4576 684 4629 Ennii:
711 4577 790 4631 Paris.
821 4577 895 4647 Vulg.
922 4571 1023 4634 α’κοὺσας
1050 4572 1094 4627 οὖν
1124 4570 1178 4630 rode
1207 4590 1261 4622 πα-

132 4661 333 4720 ovremelddrrrc.
710 4662 802 4733 ρόντας.

167 4750 197 4815 8)
225 4749 442 4817 Praepositiensm
485 4748 511 4799 ir
551 4750 584 4802 ab
629 4749 684 4803 aliis
730 4752 775 4814 ta)
793 4749 1001 4803 ltalacobsonus
1019 4748 1103 4801 aeod.
1116 4746 1260 4799 Parisiensi.

133 4821 253 4889 ominem
271 4838 387 4905 reposuit
404 4836 562 4891 lacobsomu
586 4854 601 4890 a
626 4839 684 4891 cod.
710 4838 801 4907 tulga
828 4833 953 4899 adorasti,
981 4837 1041 4892 rarle
1062 4834 1155 4901 ἔλεγον·
1182 4828 1261 4895 >1⁸¹⁰-

134 4922 244 4975 Vindob.
711 4923 786 4989 σαὺτη
820 4920 928 4987 σπονδὴ,
974 4918 990 4986 ἦ
1024 4922 1069 4970 τοῦ
1102 4920 1261 4985 συλληφθῆναι

169 5010 198 5079 9)
217 5009 270 5063 Cir.
289 5007 375 5065 flabili.
389 5012 415 5077 6,
437 5011 477 5065 10.
509 5011 565 5065 Act.
579 5010 623 5078 21,
643 5011 685 5066 14.
711 5013 822 5061 τοιοῦτον
839 5006 977 5076 πρεσβύτην
993 5004 1070 5076 drtpa
1086 5001 1130 5072 r‘pr3
