<?xml version="1.0" encoding="UTF-8"?>
<!DOCTYPE html PUBLIC "-//W3C//DTD XHTML 1.0 Transitional//EN"
    "http://www.w3.org/TR/xhtml1/DTD/xhtml1-transitional.dtd">
<html xmlns="http://www.w3.org/1999/xhtml" xml:lang="en" lang="en">
 <head>
  <title>
</title>
<meta http-equiv="Content-Type" content="text/html;charset=utf-8" />
  <meta name='ocr-system' content='tesseract 3.04.00' />
  <meta name='ocr-capabilities' content='ocr_page ocr_carea ocr_par ocr_line ocrx_word'/>
</head>
<body>
  <div class='ocr_page' id='page_1' title='image "./patrumapostolic01hefegoog_0531.png"; bbox 0 0 3067 6450; ppageno 0'>
   <div class='ocr_carea' id='block_1_1' title="bbox 423 1155 1336 1236">
    <p class='ocr_par' dir='ltr' id='par_1_1' title="bbox 423 1155 1336 1236">
     <span class='ocr_line' id='line_1_1' title="bbox 423 1155 1336 1236; baseline 0.014 -26"><span class='ocrx_word' id='word_1_1' title='bbox 423 1155 562 1211; x_wconf 70' lang='lat' dir='ltr'>nullm</span> <span class='ocrx_word' id='word_1_2' title='bbox 579 1156 715 1213; x_wconf 66' lang='lat' dir='ltr'>seston.</span> <span class='ocrx_word' id='word_1_3' title='bbox 752 1158 849 1214; x_wconf 80' lang='lat' dir='ltr'>LIBER</span> <span class='ocrx_word' id='word_1_4' title='bbox 868 1159 909 1214; x_wconf 88' lang='lat' dir='ltr'>lll.</span> <span class='ocrx_word' id='word_1_5' title='bbox 947 1160 1069 1219; x_wconf 82' lang='lat' dir='ltr'>stttittt.</span> <span class='ocrx_word' id='word_1_6' title='bbox 1089 1165 1119 1218; x_wconf 85' lang='lat' dir='ltr'>ll.</span> <span class='ocrx_word' id='word_1_7' title='bbox 1272 1170 1336 1236; x_wconf 84' lang='lat'>389</span> 
     </span>
    </p>
   </div>
   <div class='ocr_carea' id='block_1_2' title="bbox 208 1317 1335 1509">
    <p class='ocr_par' dir='ltr' id='par_1_2' title="bbox 208 1317 1335 1509">
     <span class='ocr_line' id='line_1_2' title="bbox 213 1317 1334 1405; baseline 0.01 -24"><span class='ocrx_word' id='word_1_8' title='bbox 213 1317 350 1382; x_wconf 81' lang='lat' dir='ltr'>¹inlusus</span> <span class='ocrx_word' id='word_1_9' title='bbox 365 1323 412 1383; x_wconf 85' lang='lat' dir='ltr'>cst</span> <span class='ocrx_word' id='word_1_10' title='bbox 427 1319 556 1382; x_wconf 90' lang='lat' dir='ltr'>omniurn</span> <span class='ocrx_word' id='word_1_11' title='bbox 572 1321 684 1403; x_wconf 89' lang='lat' dir='ltr'>primus</span> <span class='ocrx_word' id='word_1_12' title='bbox 706 1323 735 1384; x_wconf 92' lang='lat' dir='ltr'>in</span> <span class='ocrx_word' id='word_1_13' title='bbox 759 1319 923 1404; x_wconf 81' lang='lat' dir='ltr'>²corpore‚</span> <span class='ocrx_word' id='word_1_14' title='bbox 946 1326 975 1386; x_wconf 95' lang='lat' dir='ltr'>in</span> <span class='ocrx_word' id='word_1_15' title='bbox 999 1343 1059 1405; x_wconf 87' lang='lat' dir='ltr'>quo</span> <span class='ocrx_word' id='word_1_16' title='bbox 1084 1325 1228 1390; x_wconf 85' lang='lat' dir='ltr'>habitaret</span> <span class='ocrx_word' id='word_1_17' title='bbox 1244 1329 1334 1392; x_wconf 86' lang='lat' dir='ltr'>Deus.</span> 
     </span>
     <span class='ocr_line' id='line_1_3' title="bbox 208 1421 1335 1509; baseline 0.008 -23"><span class='ocrx_word' id='word_1_18' title='bbox 208 1421 398 1487; x_wconf 73' lang='lat' dir='ltr'>³Collocavit</span> <span class='ocrx_word' id='word_1_19' title='bbox 421 1426 498 1487; x_wconf 85' lang='lat' dir='ltr'>euim</span> <span class='ocrx_word' id='word_1_20' title='bbox 515 1442 582 1486; x_wconf 87' lang='lat' dir='ltr'>eum</span> <span class='ocrx_word' id='word_1_21' title='bbox 599 1426 763 1489; x_wconf 85' lang='lat' dir='ltr'>intellectos</span> <span class='ocrx_word' id='word_1_22' title='bbox 780 1428 807 1488; x_wconf 91' lang='lat' dir='ltr'>in</span> <span class='ocrx_word' id='word_1_23' title='bbox 825 1446 962 1509; x_wconf 87' lang='lat' dir='ltr'>corpore,</span> <span class='ocrx_word' id='word_1_24' title='bbox 986 1436 1016 1492; x_wconf 92' lang='lat' dir='ltr'>ut</span> <span class='ocrx_word' id='word_1_25' title='bbox 1034 1432 1061 1491; x_wconf 89' lang='lat' dir='ltr'>ei</span> <span class='ocrx_word' id='word_1_26' title='bbox 1078 1432 1239 1493; x_wconf 87' lang='lat' dir='ltr'>videbatur.</span> <span class='ocrx_word' id='word_1_27' title='bbox 1270 1433 1335 1495; x_wconf 87' lang='lat' dir='ltr'>lloo</span> 
     </span>
    </p>
   </div>
   <div class='ocr_carea' id='block_1_3' title="bbox 205 1528 1336 2449">
    <p class='ocr_par' dir='ltr' id='par_1_3' title="bbox 205 1528 1336 2449">
     <span class='ocr_line' id='line_1_4' title="bbox 208 1528 1335 1614; baseline 0.007 -24"><span class='ocrx_word' id='word_1_28' title='bbox 208 1547 283 1609; x_wconf 81' lang='lat' dir='ltr'>ergo</span> <span class='ocrx_word' id='word_1_29' title='bbox 310 1545 430 1610; x_wconf 87' lang='lat' dir='ltr'>corpus,</span> <span class='ocrx_word' id='word_1_30' title='bbox 454 1529 483 1590; x_wconf 93' lang='lat' dir='ltr'>iu</span> <span class='ocrx_word' id='word_1_31' title='bbox 508 1528 588 1609; x_wconf 89' lang='lat' dir='ltr'>quod</span> <span class='ocrx_word' id='word_1_32' title='bbox 612 1529 749 1593; x_wconf 90' lang='lat' dir='ltr'>inductus</span> <span class='ocrx_word' id='word_1_33' title='bbox 772 1539 818 1594; x_wconf 85' lang='lat' dir='ltr'>est</span> <span class='ocrx_word' id='word_1_34' title='bbox 841 1532 966 1614; x_wconf 77' lang='lat' dir='ltr'>Spiritus</span> <span class='ocrx_word' id='word_1_35' title='bbox 990 1541 1125 1612; x_wconf 83' lang='lat' dir='ltr'>sanctus,</span> <span class='ocrx_word' id='word_1_36' title='bbox 1149 1537 1272 1598; x_wconf 80' lang='lat' dir='ltr'><strong>servivit</strong></span> <span class='ocrx_word' id='word_1_37' title='bbox 1294 1537 1335 1599; x_wconf 93' lang='lat' dir='ltr'>illi</span> 
     </span>
     <span class='ocr_line' id='line_1_5' title="bbox 207 1635 1335 1718; baseline 0.004 -19"><span class='ocrx_word' id='word_1_38' title='bbox 207 1635 338 1717; x_wconf 85' lang='lat' dir='ltr'>Spiritui,</span> <span class='ocrx_word' id='word_1_39' title='bbox 354 1641 438 1696; x_wconf 88' lang='lat' dir='ltr'>recte</span> <span class='ocrx_word' id='word_1_40' title='bbox 454 1635 482 1696; x_wconf 93' lang='lat' dir='ltr'>in</span> <span class='ocrx_word' id='word_1_41' title='bbox 500 1635 643 1699; x_wconf 83' lang='lat' dir='ltr'>modestia</span> <span class='ocrx_word' id='word_1_42' title='bbox 659 1637 812 1699; x_wconf 77' lang='lat' dir='ltr'>ambulans</span> <span class='ocrx_word' id='word_1_43' title='bbox 828 1643 858 1699; x_wconf 88' lang='lat' dir='ltr'>et</span> <span class='ocrx_word' id='word_1_44' title='bbox 873 1643 964 1715; x_wconf 84' lang='lat' dir='ltr'>caste,</span> <span class='ocrx_word' id='word_1_45' title='bbox 981 1657 1078 1718; x_wconf 85' lang='lat' dir='ltr'>neque</span> <span class='ocrx_word' id='word_1_46' title='bbox 1095 1642 1216 1702; x_wconf 90' lang='lat' dir='ltr'>omnino</span> <span class='ocrx_word' id='word_1_47' title='bbox 1231 1660 1335 1704; x_wconf 85' lang='lat' dir='ltr'>macu-</span> 
     </span>
     <span class='ocr_line' id='line_1_6' title="bbox 206 1739 1335 1823; baseline 0.006 -23"><span class='ocrx_word' id='word_1_48' title='bbox 206 1739 278 1800; x_wconf 87' lang='lat' dir='ltr'>lavit</span> <span class='ocrx_word' id='word_1_49' title='bbox 293 1739 433 1820; x_wconf 85' lang='lat' dir='ltr'>Spiritum</span> <span class='ocrx_word' id='word_1_50' title='bbox 450 1739 539 1802; x_wconf 90' lang='lat' dir='ltr'>illum.</span> <span class='ocrx_word' id='word_1_51' title='bbox 569 1741 665 1814; x_wconf 85' lang='lat' dir='ltr'>Quum</span> <span class='ocrx_word' id='word_1_52' title='bbox 682 1742 771 1823; x_wconf 84' lang='lat' dir='ltr'>igitur</span> <span class='ocrx_word' id='word_1_53' title='bbox 787 1760 896 1822; x_wconf 92' lang='lat' dir='ltr'>corpus</span> <span class='ocrx_word' id='word_1_54' title='bbox 913 1742 981 1804; x_wconf 92' lang='lat' dir='ltr'>illud</span> <span class='ocrx_word' id='word_1_55' title='bbox 999 1745 1145 1822; x_wconf 80' lang='lat' dir='ltr'>paruisset</span> <span class='ocrx_word' id='word_1_56' title='bbox 1161 1747 1239 1807; x_wconf 91' lang='lat' dir='ltr'>omni</span> <span class='ocrx_word' id='word_1_57' title='bbox 1257 1751 1335 1807; x_wconf 88' lang='lat' dir='ltr'>tem·</span> 
     </span>
     <span class='ocr_line' id='line_1_7' title="bbox 206 1843 1336 1926; baseline 0.005 -22"><span class='ocrx_word' id='word_1_58' title='bbox 206 1861 283 1924; x_wconf 88' lang='lat' dir='ltr'>pore</span> <span class='ocrx_word' id='word_1_59' title='bbox 306 1843 426 1924; x_wconf 90' lang='lat' dir='ltr'>Spiritui</span> <span class='ocrx_word' id='word_1_60' title='bbox 449 1851 570 1921; x_wconf 88' lang='lat' dir='ltr'>sancto,</span> <span class='ocrx_word' id='word_1_61' title='bbox 594 1851 735 1926; x_wconf 84' lang='lat' dir='ltr'>recteque</span> <span class='ocrx_word' id='word_1_62' title='bbox 758 1853 788 1907; x_wconf 87' lang='lat' dir='ltr'>et</span> <span class='ocrx_word' id='word_1_63' title='bbox 812 1852 893 1907; x_wconf 89' lang='lat' dir='ltr'>caste</span> <span class='ocrx_word' id='word_1_64' title='bbox 917 1846 1081 1908; x_wconf 76' lang='lat' dir='ltr'><strong>laborasset</strong></span> <span class='ocrx_word' id='word_1_65' title='bbox 1103 1866 1168 1909; x_wconf 85' lang='lat' dir='ltr'>cum</span> <span class='ocrx_word' id='word_1_66' title='bbox 1193 1865 1248 1926; x_wconf 87' lang='lat' dir='ltr'>eo,</span> <span class='ocrx_word' id='word_1_67' title='bbox 1278 1867 1336 1910; x_wconf 86' lang='lat' dir='ltr'>neo</span> 
     </span>
     <span class='ocr_line' id='line_1_8' title="bbox 205 1947 1336 2032; baseline 0.005 -23"><span class='ocrx_word' id='word_1_68' title='bbox 205 1947 415 2009; x_wconf 75' lang='lat' dir='ltr'>succubuisset</span> <span class='ocrx_word' id='word_1_69' title='bbox 437 1948 466 2010; x_wconf 92' lang='lat' dir='ltr'>in</span> <span class='ocrx_word' id='word_1_70' title='bbox 489 1949 567 2010; x_wconf 94' lang='lat' dir='ltr'>omni</span> <span class='ocrx_word' id='word_1_71' title='bbox 591 1956 741 2030; x_wconf 84' lang='lat' dir='ltr'>tempore;</span> <span class='ocrx_word' id='word_1_72' title='bbox 766 1947 943 2032; x_wconf 75' lang='lat' dir='ltr'>⁴iatigatum</span> <span class='ocrx_word' id='word_1_73' title='bbox 964 1968 1073 2032; x_wconf 90' lang='lat' dir='ltr'>corpus</span> <span class='ocrx_word' id='word_1_74' title='bbox 1094 1952 1165 2014; x_wconf 92' lang='lat' dir='ltr'>illud</span> <span class='ocrx_word' id='word_1_75' title='bbox 1186 1953 1336 2016; x_wconf 86' lang='lat' dir='ltr'>serviliter</span> 
     </span>
     <span class='ocr_line' id='line_1_9' title="bbox 206 2053 1334 2138; baseline 0.004 -24"><span class='ocrx_word' id='word_1_76' title='bbox 206 2058 417 2115; x_wconf 86' lang='lat' dir='ltr'>conversatum</span> <span class='ocrx_word' id='word_1_77' title='bbox 433 2058 488 2130; x_wconf 85' lang='lat' dir='ltr'>est,</span> <span class='ocrx_word' id='word_1_78' title='bbox 504 2053 557 2115; x_wconf 89' lang='lat' dir='ltr'>sed</span> <span class='ocrx_word' id='word_1_79' title='bbox 574 2053 690 2117; x_wconf 80' lang='lat' dir='ltr'>fortiter</span> <span class='ocrx_word' id='word_1_80' title='bbox 705 2074 770 2118; x_wconf 87' lang='lat' dir='ltr'>cunr</span> <span class='ocrx_word' id='word_1_81' title='bbox 787 2056 895 2136; x_wconf 90' lang='lat' dir='ltr'>Spiritu</span> <span class='ocrx_word' id='word_1_82' title='bbox 912 2062 1015 2119; x_wconf 86' lang='lat' dir='ltr'>sancto</span> <span class='ocrx_word' id='word_1_83' title='bbox 1032 2057 1254 2138; x_wconf 87' lang='lat' dir='ltr'>comprobatum</span> <span class='ocrx_word' id='word_1_84' title='bbox 1269 2057 1334 2119; x_wconf 86' lang='lat' dir='ltr'>Deo</span> 
     </span>
     <span class='ocr_line' id='line_1_10' title="bbox 206 2157 1333 2241; baseline 0.004 -23"><span class='ocrx_word' id='word_1_85' title='bbox 206 2163 361 2238; x_wconf 78' lang='lat' dir='ltr'>receptum</span> <span class='ocrx_word' id='word_1_86' title='bbox 385 2163 439 2218; x_wconf 88' lang='lat' dir='ltr'>cst.</span> <span class='ocrx_word' id='word_1_87' title='bbox 483 2157 594 2219; x_wconf 88' lang='lat' dir='ltr'>Placuit</span> <span class='ocrx_word' id='word_1_88' title='bbox 617 2159 706 2241; x_wconf 87' lang='lat' dir='ltr'>igitur</span> <span class='ocrx_word' id='word_1_89' title='bbox 721 2159 787 2220; x_wconf 80' lang='lat' dir='ltr'>lico</span> <span class='ocrx_word' id='word_1_90' title='bbox 806 2159 973 2240; x_wconf 88' lang='lat' dir='ltr'>hujusmodi</span> <span class='ocrx_word' id='word_1_91' title='bbox 992 2166 1098 2240; x_wconf 91' lang='lat' dir='ltr'>potens</span> <span class='ocrx_word' id='word_1_92' title='bbox 1119 2178 1242 2235; x_wconf 89' lang='lat' dir='ltr'>corsus;</span> <span class='ocrx_word' id='word_1_93' title='bbox 1266 2161 1333 2241; x_wconf 89' lang='lat' dir='ltr'>quia</span> 
     </span>
     <span class='ocr_line' id='line_1_11' title="bbox 206 2258 1333 2345; baseline 0.004 -23"><span class='ocrx_word' id='word_1_94' title='bbox 206 2261 371 2323; x_wconf 85' lang='lat' dir='ltr'>maculatos</span> <span class='ocrx_word' id='word_1_95' title='bbox 391 2258 474 2323; x_wconf 77' lang='lat' dir='ltr'>⁶non</span> <span class='ocrx_word' id='word_1_96' title='bbox 490 2269 571 2324; x_wconf 86' lang='lat' dir='ltr'>esset</span> <span class='ocrx_word' id='word_1_97' title='bbox 588 2264 616 2324; x_wconf 92' lang='lat' dir='ltr'>in</span> <span class='ocrx_word' id='word_1_98' title='bbox 634 2270 722 2336; x_wconf 85' lang='lat' dir='ltr'>terra,</span> <span class='ocrx_word' id='word_1_99' title='bbox 746 2258 927 2344; x_wconf 73' lang='lat' dir='ltr'>‘possidens</span> <span class='ocrx_word' id='word_1_100' title='bbox 942 2264 970 2323; x_wconf 93' lang='lat' dir='ltr'>iu</span> <span class='ocrx_word' id='word_1_101' title='bbox 987 2281 1021 2324; x_wconf 89' lang='lat' dir='ltr'>se</span> <span class='ocrx_word' id='word_1_102' title='bbox 1037 2264 1175 2345; x_wconf 88' lang='lat' dir='ltr'>Spiritum</span> <span class='ocrx_word' id='word_1_103' title='bbox 1191 2270 1333 2327; x_wconf 90' lang='lat' dir='ltr'>sanctum.</span> 
     </span>
     <span class='ocr_line' id='line_1_12' title="bbox 205 2365 1333 2449; baseline 0.003 -22"><span class='ocrx_word' id='word_1_104' title='bbox 205 2365 238 2427; x_wconf 93' lang='lat' dir='ltr'>ln</span> <span class='ocrx_word' id='word_1_105' title='bbox 261 2366 388 2429; x_wconf 87' lang='lat' dir='ltr'>consilio</span> <span class='ocrx_word' id='word_1_106' title='bbox 412 2365 568 2429; x_wconf 88' lang='lat' dir='ltr'>advocavit</span> <span class='ocrx_word' id='word_1_107' title='bbox 590 2384 665 2449; x_wconf 78' lang='lat' dir='ltr'>ergo</span> <span class='ocrx_word' id='word_1_108' title='bbox 689 2366 792 2429; x_wconf 84' lang='lat' dir='ltr'>Filium</span> <span class='ocrx_word' id='word_1_109' title='bbox 815 2373 845 2428; x_wconf 90' lang='lat' dir='ltr'>et</span> <span class='ocrx_word' id='word_1_110' title='bbox 867 2368 986 2429; x_wconf 90' lang='lat' dir='ltr'>nuntios</span> <span class='ocrx_word' id='word_1_111' title='bbox 1009 2369 1123 2449; x_wconf 83' lang='lat' dir='ltr'>bonos,</span> <span class='ocrx_word' id='word_1_112' title='bbox 1150 2377 1181 2432; x_wconf 94' lang='lat' dir='ltr'>ut</span> <span class='ocrx_word' id='word_1_113' title='bbox 1204 2377 1233 2431; x_wconf 92' lang='lat' dir='ltr'>et</span> <span class='ocrx_word' id='word_1_114' title='bbox 1256 2368 1333 2448; x_wconf 86' lang='lat' dir='ltr'>huic,</span> 
     </span>
    </p>
   </div>
   <div class='ocr_carea' id='block_1_4' title="bbox 200 2553 1333 4346">
    <p class='ocr_par' dir='ltr' id='par_1_4' title="bbox 200 2553 1333 4346">
     <span class='ocr_line' id='line_1_13' title="bbox 205 2553 1288 2626; baseline 0.002 -20"><span class='ocrx_word' id='word_1_115' title='bbox 205 2556 278 2622; x_wconf 84' lang='lat' dir='ltr'>justis</span> <span class='ocrx_word' id='word_1_116' title='bbox 296 2553 328 2605; x_wconf 83' lang='lat' dir='ltr'>ad</span> <span class='ocrx_word' id='word_1_117' title='bbox 347 2570 426 2622; x_wconf 81' lang='lat' dir='ltr'>opera</span> <span class='ocrx_word' id='word_1_118' title='bbox 449 2553 517 2607; x_wconf 78' lang='lat' dir='ltr'>bona</span> <span class='ocrx_word' id='word_1_119' title='bbox 540 2554 702 2623; x_wconf 77' lang='lat' dir='ltr'>peragendo,</span> <span class='ocrx_word' id='word_1_120' title='bbox 729 2563 756 2606; x_wconf 89' lang='lat' dir='ltr'>ot</span> <span class='ocrx_word' id='word_1_121' title='bbox 784 2554 835 2606; x_wconf 86' lang='lat' dir='ltr'>Sed</span> <span class='ocrx_word' id='word_1_122' title='bbox 855 2555 901 2607; x_wconf 86' lang='lat' dir='ltr'>clr.</span> <span class='ocrx_word' id='word_1_123' title='bbox 921 2559 1036 2622; x_wconf 62' lang='lat' dir='ltr'>Dorum,</span> <span class='ocrx_word' id='word_1_124' title='bbox 1056 2556 1072 2607; x_wconf 95' lang='grc' dir='ltr'>Ι.</span> <span class='ocrx_word' id='word_1_125' title='bbox 1096 2574 1117 2609; x_wconf 92' lang='lat' dir='ltr'>c.</span> <span class='ocrx_word' id='word_1_126' title='bbox 1137 2573 1161 2624; x_wconf 92' lang='lat' dir='ltr'>p.</span> <span class='ocrx_word' id='word_1_127' title='bbox 1183 2557 1232 2608; x_wconf 79' lang='grc'>193</span> <span class='ocrx_word' id='word_1_128' title='bbox 1250 2573 1288 2626; x_wconf 84' lang='lat' dir='ltr'>sq.</span> 
     </span>
     <span class='ocr_line' id='line_1_14' title="bbox 205 2640 1332 2712; baseline 0.002 -19"><span class='ocrx_word' id='word_1_129' title='bbox 205 2651 279 2711; x_wconf 83' lang='lat' dir='ltr'>patet</span> <span class='ocrx_word' id='word_1_130' title='bbox 305 2658 338 2694; x_wconf 82' lang='lat' dir='ltr'>ex</span> <span class='ocrx_word' id='word_1_131' title='bbox 357 2641 466 2694; x_wconf 79' lang='lat' dir='ltr'>Mandat</span> <span class='ocrx_word' id='word_1_132' title='bbox 486 2642 514 2706; x_wconf 82' lang='lat' dir='ltr'>V,</span> <span class='ocrx_word' id='word_1_133' title='bbox 535 2643 559 2694; x_wconf 91' lang='grc'>1.</span> <span class='ocrx_word' id='word_1_134' title='bbox 585 2651 612 2693; x_wconf 89' lang='lat' dir='ltr'>et</span> <span class='ocrx_word' id='word_1_135' title='bbox 636 2640 699 2692; x_wconf 83' lang='lat' dir='ltr'>inira</span> <span class='ocrx_word' id='word_1_136' title='bbox 725 2657 756 2691; x_wconf 81' lang='lat' dir='ltr'>ex</span> <span class='ocrx_word' id='word_1_137' title='bbox 819 2643 850 2708; x_wconf 77' lang='grc' dir='ltr'>θ)</span> <span class='ocrx_word' id='word_1_138' title='bbox 869 2641 985 2710; x_wconf 85' lang='lat' dir='ltr'>Denique</span> <span class='ocrx_word' id='word_1_139' title='bbox 998 2643 1199 2710; x_wconf 78' lang='lat' dir='ltr'>investigandum</span> <span class='ocrx_word' id='word_1_140' title='bbox 1214 2653 1262 2708; x_wconf 83' lang='lat' dir='ltr'>est,</span> <span class='ocrx_word' id='word_1_141' title='bbox 1273 2642 1332 2712; x_wconf 81' lang='lat' dir='ltr'>quid</span> 
     </span>
     <span class='ocr_line' id='line_1_15' title="bbox 205 2725 1332 2799; baseline 0.001 -18"><span class='ocrx_word' id='word_1_142' title='bbox 205 2739 264 2781; x_wconf 88' lang='lat' dir='ltr'>nota</span> <span class='ocrx_word' id='word_1_143' title='bbox 286 2732 338 2794; x_wconf 75' lang='grc' dir='ltr'>θ),</span> <span class='ocrx_word' id='word_1_144' title='bbox 355 2737 433 2780; x_wconf 71' lang='lat' dir='ltr'>etex</span> <span class='ocrx_word' id='word_1_145' title='bbox 449 2746 475 2796; x_wconf 88' lang='lat' dir='ltr'>p.</span> <span class='ocrx_word' id='word_1_146' title='bbox 494 2729 553 2781; x_wconf 80' lang='lat'><strong>390.</strong></span> <span class='ocrx_word' id='word_1_147' title='bbox 573 2737 624 2780; x_wconf 89' lang='lat' dir='ltr'>not.</span> <span class='ocrx_word' id='word_1_148' title='bbox 644 2729 667 2779; x_wconf 89' lang='lat'>2.</span> <span class='ocrx_word' id='word_1_149' title='bbox 704 2725 755 2778; x_wconf 85' lang='lat' dir='ltr'>Cir.</span> <span class='ocrx_word' id='word_1_150' title='bbox 783 2728 831 2779; x_wconf 92' lang='lat' dir='ltr'>sibi</span> <span class='ocrx_word' id='word_1_151' title='bbox 848 2728 926 2779; x_wconf 83' lang='lat' dir='ltr'>velint</span> <span class='ocrx_word' id='word_1_152' title='bbox 940 2727 1016 2779; x_wconf 88' lang='lat' dir='ltr'>verba</span> <span class='ocrx_word' id='word_1_153' title='bbox 1031 2727 1155 2780; x_wconf 73' lang='lat' dir='ltr'>Posterior</span> <span class='ocrx_word' id='word_1_154' title='bbox 1175 2735 1239 2799; x_wconf 83' lang='lat' dir='ltr'>„poi</span> <span class='ocrx_word' id='word_1_155' title='bbox 1258 2731 1332 2797; x_wconf 88' lang='lat' dir='ltr'>(Spi-</span> 
     </span>
     <span class='ocr_line' id='line_1_16' title="bbox 205 2815 1333 2883; baseline 0 -14"><span class='ocrx_word' id='word_1_156' title='bbox 205 2820 328 2880; x_wconf 73' lang='lat' dir='ltr'>norm,</span> <span class='ocrx_word' id='word_1_157' title='bbox 346 2815 363 2867; x_wconf 92' lang='lat' dir='ltr'>l.</span> <span class='ocrx_word' id='word_1_158' title='bbox 383 2832 406 2866; x_wconf 92' lang='lat' dir='ltr'>c.</span> <span class='ocrx_word' id='word_1_159' title='bbox 426 2834 450 2883; x_wconf 89' lang='lat' dir='ltr'>p.</span> <span class='ocrx_word' id='word_1_160' title='bbox 473 2818 530 2867; x_wconf 84' lang='grc'>198.</span> <span class='ocrx_word' id='word_1_161' title='bbox 784 2817 845 2864; x_wconf 89' lang='lat' dir='ltr'>ritus</span> <span class='ocrx_word' id='word_1_162' title='bbox 872 2817 987 2882; x_wconf 83' lang='lat' dir='ltr'>sauctus)</span> <span class='ocrx_word' id='word_1_163' title='bbox 1014 2818 1126 2883; x_wconf 76' lang='lat' dir='ltr'>insarno</span> <span class='ocrx_word' id='word_1_164' title='bbox 1152 2825 1192 2868; x_wconf 78' lang='lat' dir='ltr'>cet</span> <span class='ocrx_word' id='word_1_165' title='bbox 1216 2820 1333 2869; x_wconf 83' lang='lat' dir='ltr'>omnium</span> 
     </span>
     <span class='ocr_line' id='line_1_17' title="bbox 240 2900 1333 2969; baseline 0.001 -17"><span class='ocrx_word' id='word_1_166' title='bbox 240 2903 266 2965; x_wconf 83' lang='grc' dir='ltr'>ζ)</span> <span class='ocrx_word' id='word_1_167' title='bbox 287 2900 423 2954; x_wconf 77' lang='lat' dir='ltr'>Praeterea</span> <span class='ocrx_word' id='word_1_168' title='bbox 434 2903 540 2955; x_wconf 84' lang='lat' dir='ltr'>llcrmas</span> <span class='ocrx_word' id='word_1_169' title='bbox 557 2901 614 2954; x_wconf 85' lang='lat' dir='ltr'>aliis</span> <span class='ocrx_word' id='word_1_170' title='bbox 632 2900 695 2952; x_wconf 83' lang='lat' dir='ltr'>locis</span> <span class='ocrx_word' id='word_1_171' title='bbox 714 2902 755 2952; x_wconf 91' lang='lat' dir='ltr'>iu·</span> <span class='ocrx_word' id='word_1_172' title='bbox 782 2907 887 2968; x_wconf 80' lang='lat' dir='ltr'>prinrua</span> <span class='ocrx_word' id='word_1_173' title='bbox 899 2904 927 2953; x_wconf 89' lang='lat' dir='ltr'>in</span> <span class='ocrx_word' id='word_1_174' title='bbox 940 2905 1129 2969; x_wconf 81' lang='lat' dir='ltr'>corpere“etc.</span> <span class='ocrx_word' id='word_1_175' title='bbox 1149 2901 1237 2953; x_wconf 87' lang='lat' dir='ltr'>Pastor</span> <span class='ocrx_word' id='word_1_176' title='bbox 1247 2911 1333 2953; x_wconf 86' lang='lat' dir='ltr'>noster</span> 
     </span>
     <span class='ocr_line' id='line_1_18' title="bbox 205 2987 1331 3056; baseline -0.005 -14"><span class='ocrx_word' id='word_1_177' title='bbox 205 2991 380 3042; x_wconf 74' lang='lat' dir='ltr'>samntionem</span> <span class='ocrx_word' id='word_1_178' title='bbox 410 2992 455 3038; x_wconf 84' lang='grc' dir='ltr'>τοῦ</span> <span class='ocrx_word' id='word_1_179' title='bbox 483 2989 571 3056; x_wconf 66' lang='grc' dir='ltr'><em>Λόγου</em></span> <span class='ocrx_word' id='word_1_180' title='bbox 603 2990 755 3056; x_wconf 76' lang='lat' dir='ltr'>pronuntiat,</span> <span class='ocrx_word' id='word_1_181' title='bbox 784 2987 900 3054; x_wconf 89' lang='lat' dir='ltr'>Spiritum</span> <span class='ocrx_word' id='word_1_182' title='bbox 924 2996 1038 3039; x_wconf 89' lang='lat' dir='ltr'>sanetum</span> <span class='ocrx_word' id='word_1_183' title='bbox 1062 2988 1191 3056; x_wconf 82' lang='lat' dir='ltr'>distinguit</span> <span class='ocrx_word' id='word_1_184' title='bbox 1217 2987 1249 3037; x_wconf 88' lang='lat' dir='ltr'>eb</span> <span class='ocrx_word' id='word_1_185' title='bbox 1277 2987 1331 3037; x_wconf 78' lang='lat' dir='ltr'>aliis</span> 
     </span>
     <span class='ocr_line' id='line_1_19' title="bbox 204 3072 1331 3144; baseline -0.004 -16"><span class='ocrx_word' id='word_1_186' title='bbox 204 3077 358 3144; x_wconf 81' lang='lat' dir='ltr'>pnesertim</span> <span class='ocrx_word' id='word_1_187' title='bbox 376 3075 539 3127; x_wconf 80' lang='lat' dir='ltr'>similitudine</span> <span class='ocrx_word' id='word_1_188' title='bbox 558 3075 600 3138; x_wconf 83' lang='lat' dir='ltr'>tx,</span> <span class='ocrx_word' id='word_1_189' title='bbox 616 3092 638 3126; x_wconf 87' lang='lat' dir='ltr'>c.</span> <span class='ocrx_word' id='word_1_190' title='bbox 654 3075 695 3139; x_wconf 84' lang='lat'>12,</span> <span class='ocrx_word' id='word_1_191' title='bbox 713 3075 755 3126; x_wconf 91' lang='lat' dir='ltr'>nbi</span> <span class='ocrx_word' id='word_1_192' title='bbox 783 3076 910 3140; x_wconf 84' lang='lat' dir='ltr'>spiritibus</span> <span class='ocrx_word' id='word_1_193' title='bbox 929 3092 974 3126; x_wconf 89' lang='lat' dir='ltr'>seo</span> <span class='ocrx_word' id='word_1_194' title='bbox 993 3076 1120 3142; x_wconf 86' lang='lat' dir='ltr'>spiritibus</span> <span class='ocrx_word' id='word_1_195' title='bbox 1133 3076 1226 3125; x_wconf 89' lang='lat' dir='ltr'>sanctis</span> <span class='ocrx_word' id='word_1_196' title='bbox 1240 3072 1331 3134; x_wconf 84' lang='lat' dir='ltr'>(Simil.</span> 
     </span>
     <span class='ocr_line' id='line_1_20' title="bbox 204 3145 1331 3227; baseline -0.006 -12"><span class='ocrx_word' id='word_1_197' title='bbox 204 3162 287 3215; x_wconf 83' lang='lat' dir='ltr'>Filios</span> <span class='ocrx_word' id='word_1_198' title='bbox 299 3161 347 3213; x_wconf 81' lang='lat' dir='ltr'>oet</span> <span class='ocrx_word' id='word_1_199' title='bbox 366 3170 484 3214; x_wconf 82' lang='lat' dir='ltr'>aeternos</span> <span class='ocrx_word' id='word_1_200' title='bbox 498 3171 525 3213; x_wconf 87' lang='lat' dir='ltr'>et</span> <span class='ocrx_word' id='word_1_201' title='bbox 537 3162 654 3214; x_wconf 85' lang='lat' dir='ltr'>Salvator</span> <span class='ocrx_word' id='word_1_202' title='bbox 670 3171 757 3213; x_wconf 91' lang='lat' dir='ltr'>noster</span> <span class='ocrx_word' id='word_1_203' title='bbox 784 3158 831 3224; x_wconf 82' lang='lat' dir='ltr'>tlt,</span> <span class='ocrx_word' id='word_1_204' title='bbox 860 3145 898 3210; x_wconf 82' lang='grc'>13.</span> <span class='ocrx_word' id='word_1_205' title='bbox 923 3161 973 3227; x_wconf 76' lang='lat' dir='ltr'>to).</span> <span class='ocrx_word' id='word_1_206' title='bbox 1010 3156 1039 3210; x_wconf 80' lang='lat' dir='ltr'>flt</span> <span class='ocrx_word' id='word_1_207' title='bbox 1066 3161 1165 3227; x_wconf 88' lang='lat' dir='ltr'>spiritus</span> <span class='ocrx_word' id='word_1_208' title='bbox 1189 3161 1271 3210; x_wconf 86' lang='lat' dir='ltr'>sancti</span> <span class='ocrx_word' id='word_1_209' title='bbox 1297 3156 1331 3209; x_wconf 89' lang='lat' dir='ltr'>nil</span> 
     </span>
     <span class='ocr_line' id='line_1_21' title="bbox 203 3244 1331 3318; baseline -0.007 -16"><span class='ocrx_word' id='word_1_210' title='bbox 203 3253 228 3302; x_wconf 89' lang='lat' dir='ltr'>in</span> <span class='ocrx_word' id='word_1_211' title='bbox 249 3251 325 3301; x_wconf 86' lang='lat' dir='ltr'>terris</span> <span class='ocrx_word' id='word_1_212' title='bbox 344 3248 413 3301; x_wconf 86' lang='lat' dir='ltr'>clare</span> <span class='ocrx_word' id='word_1_213' title='bbox 431 3258 458 3300; x_wconf 87' lang='lat' dir='ltr'>et</span> <span class='ocrx_word' id='word_1_214' title='bbox 475 3249 551 3318; x_wconf 85' lang='lat' dir='ltr'>plane</span> <span class='ocrx_word' id='word_1_215' title='bbox 577 3268 631 3303; x_wconf 83' lang='lat' dir='ltr'>arara</span> <span class='ocrx_word' id='word_1_216' title='bbox 649 3255 754 3304; x_wconf 78' lang='lat' dir='ltr'>cudent·</span> <span class='ocrx_word' id='word_1_217' title='bbox 783 3257 842 3299; x_wconf 79' lang='lat' dir='ltr'>saint</span> <span class='ocrx_word' id='word_1_218' title='bbox 859 3249 907 3299; x_wconf 89' lang='lat' dir='ltr'>nisi</span> <span class='ocrx_word' id='word_1_219' title='bbox 928 3253 1040 3301; x_wconf 78' lang='lat' dir='ltr'>virtuter</span> <span class='ocrx_word' id='word_1_220' title='bbox 1065 3246 1170 3296; x_wconf 90' lang='lat' dir='ltr'>hominis</span> <span class='ocrx_word' id='word_1_221' title='bbox 1191 3244 1331 3308; x_wconf 83' lang='lat' dir='ltr'>Christiani,</span> 
     </span>
     <span class='ocr_line' id='line_1_22' title="bbox 202 3333 1331 3406; baseline -0.008 -16"><span class='ocrx_word' id='word_1_222' title='bbox 202 3354 252 3406; x_wconf 79' lang='lat' dir='ltr'>que</span> <span class='ocrx_word' id='word_1_223' title='bbox 270 3352 387 3405; x_wconf 75' lang='lat' dir='ltr'>perenna</span> <span class='ocrx_word' id='word_1_224' title='bbox 405 3343 470 3387; x_wconf 89' lang='lat' dir='ltr'>sunt.</span> <span class='ocrx_word' id='word_1_225' title='bbox 498 3335 576 3388; x_wconf 81' lang='lat' dir='ltr'>Filius</span> <span class='ocrx_word' id='word_1_226' title='bbox 596 3335 643 3387; x_wconf 83' lang='lat' dir='ltr'>ttet</span> <span class='ocrx_word' id='word_1_227' title='bbox 663 3337 698 3389; x_wconf 81' lang='lat' dir='ltr'>iti</span> <span class='ocrx_word' id='word_1_228' title='bbox 718 3345 756 3388; x_wconf 87' lang='lat' dir='ltr'>est</span> <span class='ocrx_word' id='word_1_229' title='bbox 784 3342 809 3385; x_wconf 89' lang='lat' dir='ltr'>ct</span> <span class='ocrx_word' id='word_1_230' title='bbox 832 3338 900 3387; x_wconf 81' lang='lat' dir='ltr'>done</span> <span class='ocrx_word' id='word_1_231' title='bbox 925 3333 1031 3400; x_wconf 83' lang='lat' dir='ltr'>Spiritus</span> <span class='ocrx_word' id='word_1_232' title='bbox 1055 3335 1134 3383; x_wconf 85' lang='lat' dir='ltr'>sancti</span> <span class='ocrx_word' id='word_1_233' title='bbox 1160 3333 1249 3399; x_wconf 79' lang='lat' dir='ltr'>(sensu</span> <span class='ocrx_word' id='word_1_234' title='bbox 1267 3346 1331 3398; x_wconf 91' lang='lat' dir='ltr'>pro·</span> 
     </span>
     <span class='ocr_line' id='line_1_23' title="bbox 201 3418 1331 3492; baseline -0.006 -18"><span class='ocrx_word' id='word_1_235' title='bbox 201 3423 245 3474; x_wconf 79' lang='lat' dir='ltr'>itta</span> <span class='ocrx_word' id='word_1_236' title='bbox 265 3432 449 3492; x_wconf 65' lang='lat' dir='ltr'>panepenna,</span> <span class='ocrx_word' id='word_1_237' title='bbox 470 3426 541 3475; x_wconf 80' lang='lat' dir='ltr'>ornati</span> <span class='ocrx_word' id='word_1_238' title='bbox 560 3433 684 3477; x_wconf 77' lang='lat' dir='ltr'>creature</span> <span class='ocrx_word' id='word_1_239' title='bbox 703 3442 754 3476; x_wconf 84' lang='lat' dir='ltr'>cn·</span> <span class='ocrx_word' id='word_1_240' title='bbox 784 3422 867 3488; x_wconf 85' lang='lat' dir='ltr'>prio),</span> <span class='ocrx_word' id='word_1_241' title='bbox 895 3421 1004 3488; x_wconf 84' lang='lat' dir='ltr'>ideoque</span> <span class='ocrx_word' id='word_1_242' title='bbox 1023 3419 1131 3485; x_wconf 85' lang='lat' dir='ltr'>Spiritus</span> <span class='ocrx_word' id='word_1_243' title='bbox 1149 3427 1249 3470; x_wconf 88' lang='lat' dir='ltr'>sanctus</span> <span class='ocrx_word' id='word_1_244' title='bbox 1276 3418 1331 3484; x_wconf 86' lang='lat' dir='ltr'>pri·</span> 
     </span>
     <span class='ocr_line' id='line_1_24' title="bbox 201 3505 1332 3579; baseline -0.009 -15"><span class='ocrx_word' id='word_1_245' title='bbox 201 3513 319 3579; x_wconf 62' lang='lat' dir='ltr'>nquior,</span> <span class='ocrx_word' id='word_1_246' title='bbox 349 3508 472 3578; x_wconf 85' lang='lat' dir='ltr'>simulque</span> <span class='ocrx_word' id='word_1_247' title='bbox 502 3509 544 3560; x_wconf 85' lang='lat' dir='ltr'>illa</span> <span class='ocrx_word' id='word_1_248' title='bbox 573 3520 650 3579; x_wconf 84' lang='lat' dir='ltr'>porto</span> <span class='ocrx_word' id='word_1_249' title='bbox 677 3528 756 3575; x_wconf 77' lang='lat' dir='ltr'>steca,</span> <span class='ocrx_word' id='word_1_250' title='bbox 785 3524 847 3571; x_wconf 84' lang='lat' dir='ltr'>mos,</span> <span class='ocrx_word' id='word_1_251' title='bbox 865 3508 882 3558; x_wconf 91' lang='lat' dir='ltr'>i.</span> <span class='ocrx_word' id='word_1_252' title='bbox 897 3523 920 3557; x_wconf 89' lang='lat' dir='ltr'>e.</span> <span class='ocrx_word' id='word_1_253' title='bbox 939 3514 998 3557; x_wconf 91' lang='lat' dir='ltr'>ante</span> <span class='ocrx_word' id='word_1_254' title='bbox 1018 3506 1063 3556; x_wconf 77' lang='lat' dir='ltr'>lios</span> <span class='ocrx_word' id='word_1_255' title='bbox 1082 3508 1202 3556; x_wconf 88' lang='lat' dir='ltr'>virtutum</span> <span class='ocrx_word' id='word_1_256' title='bbox 1221 3505 1332 3571; x_wconf 80' lang='lat' dir='ltr'>spiritua,</span> 
     </span>
     <span class='ocr_line' id='line_1_25' title="bbox 201 3591 1331 3668; baseline -0.01 -17"><span class='ocrx_word' id='word_1_257' title='bbox 201 3614 271 3668; x_wconf 71' lang='lat' dir='ltr'>puae</span> <span class='ocrx_word' id='word_1_258' title='bbox 298 3600 327 3650; x_wconf 82' lang='lat' dir='ltr'>in</span> <span class='ocrx_word' id='word_1_259' title='bbox 353 3601 577 3651; x_wconf 70' lang='lat' dir='ltr'>consummatione</span> <span class='ocrx_word' id='word_1_260' title='bbox 601 3602 629 3650; x_wconf 83' lang='lat' dir='ltr'>in</span> <span class='ocrx_word' id='word_1_261' title='bbox 656 3601 755 3651; x_wconf 77' lang='lat' dir='ltr'>noeis·</span> <span class='ocrx_word' id='word_1_262' title='bbox 783 3595 880 3645; x_wconf 85' lang='lat' dir='ltr'>inlusus</span> <span class='ocrx_word' id='word_1_263' title='bbox 899 3602 937 3644; x_wconf 85' lang='lat' dir='ltr'>est</span> <span class='ocrx_word' id='word_1_264' title='bbox 955 3593 1079 3644; x_wconf 73' lang='lat' dir='ltr'>humanae</span> <span class='ocrx_word' id='word_1_265' title='bbox 1099 3591 1191 3643; x_wconf 84' lang='lat' dir='ltr'>Christi</span> <span class='ocrx_word' id='word_1_266' title='bbox 1218 3599 1331 3641; x_wconf 75' lang='lat' dir='ltr'>naturae.</span> 
     </span>
     <span class='ocr_line' id='line_1_26' title="bbox 201 3676 1333 3753; baseline -0.011 -15"><span class='ocrx_word' id='word_1_267' title='bbox 201 3688 285 3738; x_wconf 74' lang='lat' dir='ltr'>simia</span> <span class='ocrx_word' id='word_1_268' title='bbox 312 3686 405 3738; x_wconf 73' lang='lat' dir='ltr'>diodus</span> <span class='ocrx_word' id='word_1_269' title='bbox 432 3688 572 3753; x_wconf 76' lang='lat' dir='ltr'>apparuit3</span> <span class='ocrx_word' id='word_1_270' title='bbox 599 3683 679 3735; x_wconf 86' lang='lat' dir='ltr'>Filius</span> <span class='ocrx_word' id='word_1_271' title='bbox 707 3682 755 3735; x_wconf 84' lang='lat' dir='ltr'>Dei</span> <span class='ocrx_word' id='word_1_272' title='bbox 821 3683 847 3744; x_wconf 91' lang='grc'>1)</span> <span class='ocrx_word' id='word_1_273' title='bbox 865 3685 986 3749; x_wconf 71' lang='lat' dir='ltr'>tristem.</span> <span class='ocrx_word' id='word_1_274' title='bbox 1016 3678 1103 3729; x_wconf 89' lang='lat' dir='ltr'>Plures</span> <span class='ocrx_word' id='word_1_275' title='bbox 1123 3676 1333 3728; x_wconf 87' lang='lat' dir='ltr'>codiceshabent</span> 
     </span>
     <span class='ocr_line' id='line_1_27' title="bbox 201 3769 898 3837; baseline -0.006 -14"><span class='ocrx_word' id='word_1_276' title='bbox 201 3779 325 3823; x_wconf 79' lang='lat' dir='ltr'>aeternus</span> <span class='ocrx_word' id='word_1_277' title='bbox 345 3769 418 3821; x_wconf 85' lang='lat' dir='ltr'>simul</span> <span class='ocrx_word' id='word_1_278' title='bbox 439 3769 481 3821; x_wconf 88' lang='lat' dir='ltr'>ille</span> <span class='ocrx_word' id='word_1_279' title='bbox 494 3777 544 3834; x_wconf 91' lang='lat' dir='ltr'>est,</span> <span class='ocrx_word' id='word_1_280' title='bbox 563 3773 646 3837; x_wconf 70' lang='lat' dir='ltr'>cuijus</span> <span class='ocrx_word' id='word_1_281' title='bbox 662 3788 756 3824; x_wconf 79' lang='lat' dir='ltr'>stamen</span> <span class='ocrx_word' id='word_1_282' title='bbox 784 3781 898 3823; x_wconf 78' lang='lat' dir='ltr'>creatur.</span> 
     </span>
     <span class='ocr_line' id='line_1_28' title="bbox 201 3850 1273 3926; baseline -0.007 -17"><span class='ocrx_word' id='word_1_283' title='bbox 201 3874 250 3909; x_wconf 86' lang='lat' dir='ltr'>nos</span> <span class='ocrx_word' id='word_1_284' title='bbox 272 3855 428 3923; x_wconf 82' lang='lat' dir='ltr'>(Christiani)</span> <span class='ocrx_word' id='word_1_285' title='bbox 447 3861 518 3926; x_wconf 68' lang='lat' dir='ltr'>serre</span> <span class='ocrx_word' id='word_1_286' title='bbox 537 3860 673 3922; x_wconf 71' lang='lat' dir='ltr'>delaturae,</span> <span class='ocrx_word' id='word_1_287' title='bbox 700 3859 755 3923; x_wconf 89' lang='lat' dir='ltr'>ipse</span> <span class='ocrx_word' id='word_1_288' title='bbox 818 3855 847 3921; x_wconf 82' lang='lat'>2)</span> <span class='ocrx_word' id='word_1_289' title='bbox 869 3856 975 3920; x_wconf 76' lang='lat' dir='ltr'>Corpus</span> <span class='ocrx_word' id='word_1_290' title='bbox 996 3874 1031 3897; x_wconf 95' lang='lat'><strong><em>=</em></strong></span> <span class='ocrx_word' id='word_1_291' title='bbox 1052 3850 1158 3900; x_wconf 80' lang='lat' dir='ltr'>homene</span> <span class='ocrx_word' id='word_1_292' title='bbox 1178 3855 1273 3900; x_wconf 83' lang='lat' dir='ltr'>natura.</span> 
     </span>
     <span class='ocr_line' id='line_1_29' title="bbox 201 3937 1332 4011; baseline -0.007 -15"><span class='ocrx_word' id='word_1_293' title='bbox 201 3946 247 3998; x_wconf 90' lang='lat' dir='ltr'>ille</span> <span class='ocrx_word' id='word_1_294' title='bbox 276 3953 329 4008; x_wconf 84' lang='lat' dir='ltr'>est,</span> <span class='ocrx_word' id='word_1_295' title='bbox 358 3958 503 4011; x_wconf 82' lang='lat' dir='ltr'>perquem</span> <span class='ocrx_word' id='word_1_296' title='bbox 530 3943 665 3994; x_wconf 79' lang='lat' dir='ltr'>salvamur.</span> <span class='ocrx_word' id='word_1_297' title='bbox 703 3941 754 3994; x_wconf 84' lang='lat' dir='ltr'>cn.</span> <span class='ocrx_word' id='word_1_298' title='bbox 818 3940 846 4009; x_wconf 82' lang='grc'>3)</span> <span class='ocrx_word' id='word_1_299' title='bbox 865 3939 1008 4008; x_wconf 82' lang='lat' dir='ltr'>llilgeuield</span> <span class='ocrx_word' id='word_1_300' title='bbox 1036 3938 1154 4002; x_wconf 88' lang='lat' dir='ltr'>conjicit:</span> <span class='ocrx_word' id='word_1_301' title='bbox 1187 3937 1332 3988; x_wconf 78' lang='lat' dir='ltr'>Collocavit</span> 
     </span>
     <span class='ocr_line' id='line_1_30' title="bbox 200 4020 1332 4097; baseline -0.016 -9"><span class='ocrx_word' id='word_1_302' title='bbox 200 4037 326 4095; x_wconf 76' lang='lat' dir='ltr'>nemer,</span> <span class='ocrx_word' id='word_1_303' title='bbox 344 4029 362 4081; x_wconf 92' lang='lat' dir='ltr'>l.</span> <span class='ocrx_word' id='word_1_304' title='bbox 382 4045 404 4081; x_wconf 89' lang='lat' dir='ltr'>c.</span> <span class='ocrx_word' id='word_1_305' title='bbox 423 4045 448 4097; x_wconf 90' lang='lat' dir='ltr'>p.</span> <span class='ocrx_word' id='word_1_306' title='bbox 470 4029 517 4081; x_wconf 85' lang='grc'>196</span> <span class='ocrx_word' id='word_1_307' title='bbox 539 4038 565 4081; x_wconf 90' lang='lat' dir='ltr'>et</span> <span class='ocrx_word' id='word_1_308' title='bbox 585 4031 642 4082; x_wconf 84' lang='grc'>197.</span> <span class='ocrx_word' id='word_1_309' title='bbox 782 4032 930 4081; x_wconf 79' lang='lat' dir='ltr'>intettectue</span> <span class='ocrx_word' id='word_1_310' title='bbox 959 4030 1084 4095; x_wconf 75' lang='lat' dir='ltr'>spiritum</span> <span class='ocrx_word' id='word_1_311' title='bbox 1112 4023 1174 4083; x_wconf 85' lang='lat' dir='ltr'>(den</span> <span class='ocrx_word' id='word_1_312' title='bbox 1193 4021 1262 4073; x_wconf 86' lang='lat' dir='ltr'>Geist</span> <span class='ocrx_word' id='word_1_313' title='bbox 1285 4020 1332 4071; x_wconf 89' lang='lat' dir='ltr'>der</span> 
     </span>
     <span class='ocr_line' id='line_1_31' title="bbox 237 4107 1332 4187; baseline -0.011 -18"><span class='ocrx_word' id='word_1_314' title='bbox 237 4120 264 4182; x_wconf 73' lang='lat' dir='ltr'>p)</span> <span class='ocrx_word' id='word_1_315' title='bbox 289 4116 365 4168; x_wconf 81' lang='lat' dir='ltr'>Plane</span> <span class='ocrx_word' id='word_1_316' title='bbox 384 4116 475 4181; x_wconf 82' lang='lat' dir='ltr'>injuste</span> <span class='ocrx_word' id='word_1_317' title='bbox 494 4116 591 4168; x_wconf 87' lang='lat' dir='ltr'>Doctor</span> <span class='ocrx_word' id='word_1_318' title='bbox 609 4117 754 4187; x_wconf 74' lang='lat' dir='ltr'>Hilgenfeld</span> <span class='ocrx_word' id='word_1_319' title='bbox 783 4113 959 4172; x_wconf 81' lang='lat' dir='ltr'>Erltenntniss)</span> <span class='ocrx_word' id='word_1_320' title='bbox 994 4112 1018 4160; x_wconf 92' lang='lat' dir='ltr'>iu</span> <span class='ocrx_word' id='word_1_321' title='bbox 1049 4124 1172 4175; x_wconf 84' lang='lat' dir='ltr'>corpore,</span> <span class='ocrx_word' id='word_1_322' title='bbox 1209 4108 1277 4174; x_wconf 90' lang='lat' dir='ltr'>quod</span> <span class='ocrx_word' id='word_1_323' title='bbox 1308 4107 1332 4157; x_wconf 81' lang='lat' dir='ltr'>ei</span> 
     </span>
     <span class='ocr_line' id='line_1_32' title="bbox 202 4192 1332 4273; baseline -0.011 -18"><span class='ocrx_word' id='word_1_324' title='bbox 202 4208 298 4273; x_wconf 79' lang='lat' dir='ltr'>(apost.</span> <span class='ocrx_word' id='word_1_325' title='bbox 325 4202 402 4254; x_wconf 73' lang='lat' dir='ltr'>Vites</span> <span class='ocrx_word' id='word_1_326' title='bbox 427 4210 476 4254; x_wconf 90' lang='lat' dir='ltr'>etc.</span> <span class='ocrx_word' id='word_1_327' title='bbox 505 4220 530 4271; x_wconf 91' lang='lat' dir='ltr'>p.</span> <span class='ocrx_word' id='word_1_328' title='bbox 560 4203 609 4255; x_wconf 84' lang='grc'>116</span> <span class='ocrx_word' id='word_1_329' title='bbox 639 4213 664 4256; x_wconf 85' lang='lat' dir='ltr'>ct</span> <span class='ocrx_word' id='word_1_330' title='bbox 694 4204 753 4263; x_wconf 79' lang='grc'>167)</span> <span class='ocrx_word' id='word_1_331' title='bbox 783 4201 923 4251; x_wconf 80' lang='lat' dir='ltr'>videbatur.</span> <span class='ocrx_word' id='word_1_332' title='bbox 948 4196 1024 4247; x_wconf 82' lang='lat' dir='ltr'>Forte</span> <span class='ocrx_word' id='word_1_333' title='bbox 1042 4192 1332 4258; x_wconf 78' lang='lat' dir='ltr'>intellectoe=lleus‚</span> 
     </span>
     <span class='ocr_line' id='line_1_33' title="bbox 201 4277 1163 4346; baseline -0.008 -3"><span class='ocrx_word' id='word_1_334' title='bbox 201 4291 323 4343; x_wconf 80' lang='lat' dir='ltr'>Hermam</span> <span class='ocrx_word' id='word_1_335' title='bbox 341 4298 455 4341; x_wconf 82' lang='lat' dir='ltr'>nostrum</span> <span class='ocrx_word' id='word_1_336' title='bbox 471 4290 607 4342; x_wconf 85' lang='lat' dir='ltr'>haereseos</span> <span class='ocrx_word' id='word_1_337' title='bbox 621 4291 754 4341; x_wconf 73' lang='lat' dir='ltr'>Antitrini-</span> <span class='ocrx_word' id='word_1_338' title='bbox 782 4288 845 4340; x_wconf 75' lang='grc' dir='ltr'>νοῦς,</span> <span class='ocrx_word' id='word_1_339' title='bbox 864 4298 910 4334; x_wconf 86' lang='lat' dir='ltr'>seu</span> <span class='ocrx_word' id='word_1_340' title='bbox 930 4304 965 4328; x_wconf 92' lang='lat'><strong><em>=</em></strong></span> <span class='ocrx_word' id='word_1_341' title='bbox 986 4284 1070 4344; x_wconf 63' lang='grc' dir='ltr'>σοφία,</span> <span class='ocrx_word' id='word_1_342' title='bbox 1089 4277 1163 4346; x_wconf 58' lang='grc' dir='ltr'><em>λόγος-</em></span> 
     </span>
    </p>
   </div>
   <div class='ocr_carea' id='block_1_5' title="bbox 201 4368 1332 4531">
    <p class='ocr_par' dir='ltr' id='par_1_5' title="bbox 201 4368 1332 4531">
     <span class='ocr_line' id='line_1_34' title="bbox 201 4368 1330 4443; baseline -0.01 -15"><span class='ocrx_word' id='word_1_343' title='bbox 201 4379 325 4428; x_wconf 74' lang='lat' dir='ltr'>unorum</span> <span class='ocrx_word' id='word_1_344' title='bbox 356 4384 500 4443; x_wconf 84' lang='lat' dir='ltr'>suspectam</span> <span class='ocrx_word' id='word_1_345' title='bbox 531 4377 639 4428; x_wconf 89' lang='lat' dir='ltr'>reddere</span> <span class='ocrx_word' id='word_1_346' title='bbox 666 4375 752 4427; x_wconf 87' lang='lat' dir='ltr'>voluit.</span> <span class='ocrx_word' id='word_1_347' title='bbox 816 4372 845 4438; x_wconf 87' lang='grc'>1)</span> <span class='ocrx_word' id='word_1_348' title='bbox 871 4374 976 4423; x_wconf 76' lang='lat' dir='ltr'>vomer·</span> <span class='ocrx_word' id='word_1_349' title='bbox 1002 4368 1032 4433; x_wconf 77' lang='lat' dir='ltr'>tl.</span> <span class='ocrx_word' id='word_1_350' title='bbox 1052 4384 1075 4419; x_wconf 81' lang='grc' dir='ltr'>ο.</span> <span class='ocrx_word' id='word_1_351' title='bbox 1104 4384 1128 4434; x_wconf 94' lang='lat' dir='ltr'>p.</span> <span class='ocrx_word' id='word_1_352' title='bbox 1148 4368 1211 4432; x_wconf 80' lang='lat'><strong>202)</strong></span> <span class='ocrx_word' id='word_1_353' title='bbox 1239 4368 1330 4419; x_wconf 81' lang='lat' dir='ltr'>vertit:</span> 
     </span>
     <span class='ocr_line' id='line_1_35' title="bbox 201 4450 1332 4531; baseline -0.009 -16"><span class='ocrx_word' id='word_1_354' title='bbox 201 4463 229 4517; x_wconf 83' lang='lat' dir='ltr'>st</span> <span class='ocrx_word' id='word_1_355' title='bbox 253 4466 335 4531; x_wconf 86' lang='lat' dir='ltr'>ipsum</span> <span class='ocrx_word' id='word_1_356' title='bbox 362 4450 464 4528; x_wconf 71' lang='lat' dir='ltr'>auditis,</span> <span class='ocrx_word' id='word_1_357' title='bbox 491 4463 598 4515; x_wconf 84' lang='lat' dir='ltr'>llermas</span> <span class='ocrx_word' id='word_1_358' title='bbox 625 4477 675 4514; x_wconf 83' lang='lat' dir='ltr'>non</span> <span class='ocrx_word' id='word_1_359' title='bbox 703 4471 755 4512; x_wconf 87' lang='lat' dir='ltr'>tres</span> <span class='ocrx_word' id='word_1_360' title='bbox 781 4460 980 4525; x_wconf 78' lang='lat' dir='ltr'>deaerlidrper</span> <span class='ocrx_word' id='word_1_361' title='bbox 996 4460 1035 4510; x_wconf 81' lang='lat' dir='ltr'>iat</span> <span class='ocrx_word' id='word_1_362' title='bbox 1052 4464 1260 4511; x_wconf 65' lang='lat' dir='ltr'>crearermattet</span> <span class='ocrx_word' id='word_1_363' title='bbox 1278 4455 1332 4505; x_wconf 82' lang='lat' dir='ltr'>uad</span> 
     </span>
    </p>
   </div>
   <div class='ocr_carea' id='block_1_6' title="bbox 200 4541 1330 5055">
    <p class='ocr_par' dir='ltr' id='par_1_6' title="bbox 200 4541 1330 4705">
     <span class='ocr_line' id='line_1_36' title="bbox 201 4541 1330 4619; baseline -0.01 -18"><span class='ocrx_word' id='word_1_364' title='bbox 201 4550 301 4602; x_wconf 82' lang='lat' dir='ltr'>divinas</span> <span class='ocrx_word' id='word_1_365' title='bbox 327 4566 474 4619; x_wconf 78' lang='lat' dir='ltr'>personas,</span> <span class='ocrx_word' id='word_1_366' title='bbox 501 4550 546 4600; x_wconf 86' lang='lat' dir='ltr'>sed</span> <span class='ocrx_word' id='word_1_367' title='bbox 566 4564 641 4600; x_wconf 85' lang='lat' dir='ltr'>unum</span> <span class='ocrx_word' id='word_1_368' title='bbox 658 4557 754 4599; x_wconf 89' lang='lat' dir='ltr'>tantum</span> <span class='ocrx_word' id='word_1_369' title='bbox 782 4549 809 4597; x_wconf 90' lang='lat' dir='ltr'>in</span> <span class='ocrx_word' id='word_1_370' title='bbox 845 4547 1057 4612; x_wconf 76' lang='lat' dir='ltr'>lincolatapcrtelt</span> <span class='ocrx_word' id='word_1_371' title='bbox 1095 4541 1330 4611; x_wconf 77' lang='lat' dir='ltr'>cinlerpereeudclt</span> 
     </span>
     <span class='ocr_line' id='line_1_37' title="bbox 200 4630 1139 4705; baseline -0.014 -14"><span class='ocrx_word' id='word_1_372' title='bbox 200 4641 258 4693; x_wconf 73' lang='lat' dir='ltr'>eim</span> <span class='ocrx_word' id='word_1_373' title='bbox 281 4637 391 4689; x_wconf 81' lang='lat' dir='ltr'>diuinam</span> <span class='ocrx_word' id='word_1_374' title='bbox 417 4639 548 4705; x_wconf 74' lang='lat' dir='ltr'>agnoscit,</span> <span class='ocrx_word' id='word_1_375' title='bbox 575 4636 754 4687; x_wconf 81' lang='lat' dir='ltr'>immediatea</span> <span class='ocrx_word' id='word_1_376' title='bbox 782 4630 923 4698; x_wconf 80' lang='lat' dir='ltr'>(seraitner</span> <span class='ocrx_word' id='word_1_377' title='bbox 942 4630 1139 4692; x_wconf 81' lang='lat' dir='ltr'>conversatum).</span> 
     </span>
    </p>

    <p class='ocr_par' dir='ltr' id='par_1_7' title="bbox 202 4718 1080 4792">
     <span class='ocr_line' id='line_1_38' title="bbox 202 4718 1080 4792; baseline -0.013 -15"><span class='ocrx_word' id='word_1_378' title='bbox 202 4724 261 4777; x_wconf 82' lang='lat' dir='ltr'>Deo</span> <span class='ocrx_word' id='word_1_379' title='bbox 272 4724 453 4792; x_wconf 77' lang='lat' dir='ltr'>procedentem</span> <span class='ocrx_word' id='word_1_380' title='bbox 464 4746 496 4769; x_wconf 93' lang='lat'>=</span> <span class='ocrx_word' id='word_1_381' title='bbox 507 4723 754 4790; x_wconf 87' lang='lat' dir='ltr'>Spiritumsanctum‚</span> <span class='ocrx_word' id='word_1_382' title='bbox 817 4720 846 4785; x_wconf 89' lang='grc'>5)</span> <span class='ocrx_word' id='word_1_383' title='bbox 866 4718 925 4769; x_wconf 84' lang='lat' dir='ltr'>scit.</span> <span class='ocrx_word' id='word_1_384' title='bbox 944 4719 1080 4771; x_wconf 65' lang='lat' dir='ltr'>Christus.</span> 
     </span>
    </p>

    <p class='ocr_par' dir='ltr' id='par_1_8' title="bbox 200 4796 1330 5055">
     <span class='ocr_line' id='line_1_39' title="bbox 202 4796 1330 4881; baseline -0.012 -17"><span class='ocrx_word' id='word_1_385' title='bbox 202 4826 330 4881; x_wconf 79' lang='lat' dir='ltr'>quamque</span> <span class='ocrx_word' id='word_1_386' title='bbox 348 4812 398 4861; x_wconf 85' lang='lat' dir='ltr'>rim</span> <span class='ocrx_word' id='word_1_387' title='bbox 416 4810 562 4878; x_wconf 86' lang='lat' dir='ltr'>incorpore</span> <span class='ocrx_word' id='word_1_388' title='bbox 576 4807 681 4873; x_wconf 81' lang='lat' dir='ltr'>Christi,</span> <span class='ocrx_word' id='word_1_389' title='bbox 701 4810 753 4858; x_wconf 80' lang='lat' dir='ltr'>ie.</span> <span class='ocrx_word' id='word_1_390' title='bbox 817 4806 844 4866; x_wconf 89' lang='grc'>6)</span> <span class='ocrx_word' id='word_1_391' title='bbox 871 4804 1001 4856; x_wconf 84' lang='lat' dir='ltr'>Domeros</span> <span class='ocrx_word' id='word_1_392' title='bbox 1027 4800 1057 4867; x_wconf 84' lang='lat' dir='ltr'>(l.</span> <span class='ocrx_word' id='word_1_393' title='bbox 1077 4815 1099 4849; x_wconf 88' lang='lat' dir='ltr'>c.</span> <span class='ocrx_word' id='word_1_394' title='bbox 1127 4816 1152 4867; x_wconf 93' lang='lat' dir='ltr'>p.</span> <span class='ocrx_word' id='word_1_395' title='bbox 1173 4796 1238 4866; x_wconf 78' lang='lat'><strong>203)</strong></span> <span class='ocrx_word' id='word_1_396' title='bbox 1264 4797 1330 4851; x_wconf 85' lang='lat' dir='ltr'>male</span> 
     </span>
     <span class='ocr_line' id='line_1_40' title="bbox 202 4889 1330 4968; baseline -0.009 -19"><span class='ocrx_word' id='word_1_397' title='bbox 202 4899 228 4949; x_wconf 87' lang='lat' dir='ltr'>iu</span> <span class='ocrx_word' id='word_1_398' title='bbox 247 4898 357 4950; x_wconf 78' lang='lat' dir='ltr'>humana</span> <span class='ocrx_word' id='word_1_399' title='bbox 376 4895 469 4949; x_wconf 83' lang='lat' dir='ltr'>Christi</span> <span class='ocrx_word' id='word_1_400' title='bbox 495 4915 612 4968; x_wconf 80' lang='lat' dir='ltr'>persona</span> <span class='ocrx_word' id='word_1_401' title='bbox 639 4897 679 4962; x_wconf 89' lang='lat' dir='ltr'>(ot</span> <span class='ocrx_word' id='word_1_402' title='bbox 696 4894 753 4946; x_wconf 82' lang='lat' dir='ltr'>llil·</span> <span class='ocrx_word' id='word_1_403' title='bbox 782 4894 858 4960; x_wconf 75' lang='lat' dir='ltr'>legit:</span> <span class='ocrx_word' id='word_1_404' title='bbox 883 4893 1024 4957; x_wconf 73' lang='lat' dir='ltr'>possidens</span> <span class='ocrx_word' id='word_1_405' title='bbox 1048 4891 1077 4939; x_wconf 86' lang='lat' dir='ltr'>in</span> <span class='ocrx_word' id='word_1_406' title='bbox 1103 4902 1134 4939; x_wconf 78' lang='lat' dir='ltr'>ae</span> <span class='ocrx_word' id='word_1_407' title='bbox 1152 4889 1330 4956; x_wconf 71' lang='lat' dir='ltr'>spiritantia</span> 
     </span>
     <span class='ocr_line' id='line_1_41' title="bbox 200 4982 904 5055; baseline -0.016 -16"><span class='ocrx_word' id='word_1_408' title='bbox 200 4984 333 5055; x_wconf 69' lang='lat' dir='ltr'>penieldio</span> <span class='ocrx_word' id='word_1_409' title='bbox 364 4985 477 5052; x_wconf 86' lang='lat' dir='ltr'>videtur)</span> <span class='ocrx_word' id='word_1_410' title='bbox 514 4984 645 5037; x_wconf 83' lang='lat' dir='ltr'>efficacem</span> <span class='ocrx_word' id='word_1_411' title='bbox 675 4989 754 5051; x_wconf 84' lang='lat' dir='ltr'>putat.</span> <span class='ocrx_word' id='word_1_412' title='bbox 782 4982 904 5034; x_wconf 76' lang='lat' dir='ltr'>consitio.</span> 
     </span>
    </p>
   </div>
   <div class='ocr_carea' id='block_1_7' title="bbox 0 0 1538 6450">
    <p class='ocr_par' dir='ltr' id='par_1_9' title="bbox 0 0 1538 6450">
     <span class='ocr_line' id='line_1_42' title="bbox 0 0 1538 6450; baseline 0 2"><span class='ocrx_word' id='word_1_413' title='bbox 0 0 1538 6450; x_wconf 95' lang='lat' dir='ltr'> </span> 
     </span>
    </p>
   </div>
  </div>
 </body>
</html>
