<?xml version="1.0" encoding="UTF-8"?>
<!DOCTYPE html PUBLIC "-//W3C//DTD XHTML 1.0 Transitional//EN"
    "http://www.w3.org/TR/xhtml1/DTD/xhtml1-transitional.dtd">
<html xmlns="http://www.w3.org/1999/xhtml" xml:lang="en" lang="en">
 <head>
  <title>
</title>
<meta http-equiv="Content-Type" content="text/html;charset=utf-8" />
  <meta name='ocr-system' content='tesseract 3.04.00' />
  <meta name='ocr-capabilities' content='ocr_page ocr_carea ocr_par ocr_line ocrx_word'/>
</head>
<body>
  <div class='ocr_page' id='page_1' title='image "./patrumapostolic01hefegoog_0486.png"; bbox 0 0 3067 6450; ppageno 0'>
   <div class='ocr_carea' id='block_1_1' title="bbox 292 1186 1181 1295">
    <p class='ocr_par' dir='ltr' id='par_1_1' title="bbox 292 1186 1181 1295">
     <span class='ocr_line' id='line_1_1' title="bbox 292 1186 1181 1295; baseline -0.021 -38"><span class='ocrx_word' id='word_1_1' title='bbox 292 1206 357 1269; x_wconf 85' lang='grc'><em>342</em></span> <span class='ocrx_word' id='word_1_2' title='bbox 533 1193 670 1248; x_wconf 82' lang='grc' dir='ltr'>ΙΙΕΙΙΙΙᾸΕ</span> <span class='ocrx_word' id='word_1_3' title='bbox 690 1190 826 1246; x_wconf 76' lang='lat' dir='ltr'><strong>PASTOR.</strong></span> <span class='ocrx_word' id='word_1_4' title='bbox 863 1188 959 1241; x_wconf 75' lang='lat' dir='ltr'><em>trunti</em></span> <span class='ocrx_word' id='word_1_5' title='bbox 978 1188 997 1295; x_wconf 71' lang='grc' dir='ltr'><em>Ι.</em></span> <span class='ocrx_word' id='word_1_6' title='bbox 1033 1186 1119 1241; x_wconf 83' lang='lat' dir='ltr'>VISIO</span> <span class='ocrx_word' id='word_1_7' title='bbox 1136 1186 1181 1238; x_wconf 80' lang='lat' dir='ltr'><em>w.</em></span> 
     </span>
    </p>
   </div>
   <div class='ocr_carea' id='block_1_2' title="bbox 775 1346 939 1431">
    <p class='ocr_par' dir='ltr' id='par_1_2' title="bbox 775 1346 939 1431">
     <span class='ocr_line' id='line_1_2' title="bbox 775 1346 939 1431; baseline 0 -1"><span class='ocrx_word' id='word_1_8' title='bbox 775 1350 860 1431; x_wconf 81' lang='lat' dir='ltr'><em>t&#39;isio</em></span> <span class='ocrx_word' id='word_1_9' title='bbox 888 1346 939 1430; x_wconf 89' lang='grc' dir='ltr'><em>ΙΙ.</em></span> 
     </span>
    </p>
   </div>
   <div class='ocr_carea' id='block_1_3' title="bbox 364 1525 1356 1605">
    <p class='ocr_par' dir='ltr' id='par_1_3' title="bbox 364 1525 1356 1605">
     <span class='ocr_line' id='line_1_3' title="bbox 364 1525 1356 1605; baseline -0.008 -10"><span class='ocrx_word' id='word_1_10' title='bbox 364 1534 413 1595; x_wconf 89' lang='lat' dir='ltr'><em>De</em></span> <span class='ocrx_word' id='word_1_11' title='bbox 436 1531 607 1594; x_wconf 71' lang='lat' dir='ltr'><em>tentatione</em></span> <span class='ocrx_word' id='word_1_12' title='bbox 630 1537 660 1590; x_wconf 88' lang='lat' dir='ltr'><em>et</em></span> <span class='ocrx_word' id='word_1_13' title='bbox 683 1526 888 1589; x_wconf 70' lang='lat' dir='ltr'><em>tribulatione</em></span> <span class='ocrx_word' id='word_1_14' title='bbox 911 1525 1089 1590; x_wconf 81' lang='lat' dir='ltr'><em>bominibus</em></span> <span class='ocrx_word' id='word_1_15' title='bbox 1110 1533 1356 1605; x_wconf 78' lang='lat' dir='ltr'><em>superventuro.</em></span> 
     </span>
    </p>
   </div>
   <div class='ocr_carea' id='block_1_4' title="bbox 192 1665 1420 4365">
    <p class='ocr_par' dir='ltr' id='par_1_4' title="bbox 293 1665 1420 3111">
     <span class='ocr_line' id='line_1_4' title="bbox 379 1665 1420 1750; baseline -0.006 -15"><span class='ocrx_word' id='word_1_16' title='bbox 379 1674 400 1736; x_wconf 95' lang='grc' dir='ltr'><em>Ι.</em></span> <span class='ocrx_word' id='word_1_17' title='bbox 435 1674 587 1736; x_wconf 81' lang='lat' dir='ltr'><strong>visionem</strong></span> <span class='ocrx_word' id='word_1_18' title='bbox 605 1669 674 1748; x_wconf 87' lang='lat' dir='ltr'><em>vidi,</em></span> <span class='ocrx_word' id='word_1_19' title='bbox 699 1667 817 1746; x_wconf 87' lang='lat' dir='ltr'><em>iratres,</em></span> <span class='ocrx_word' id='word_1_20' title='bbox 841 1674 908 1750; x_wconf 92' lang='lat' dir='ltr'><em>post</em></span> <span class='ocrx_word' id='word_1_21' title='bbox 924 1665 988 1728; x_wconf 90' lang='lat' dir='ltr'><em>dies</em></span> <span class='ocrx_word' id='word_1_22' title='bbox 1006 1665 1110 1747; x_wconf 88' lang='lat' dir='ltr'><em>viginti</em></span> <span class='ocrx_word' id='word_1_23' title='bbox 1126 1666 1274 1746; x_wconf 83' lang='lat' dir='ltr'><em>pristinae</em></span> <span class='ocrx_word' id='word_1_24' title='bbox 1292 1667 1420 1744; x_wconf 83' lang='lat' dir='ltr'><strong>visionis,</strong></span> 
     </span>
     <span class='ocr_line' id='line_1_5' title="bbox 294 1768 1419 1863; baseline -0.009 -21"><span class='ocrx_word' id='word_1_25' title='bbox 294 1780 421 1863; x_wconf 84' lang='lat' dir='ltr'><em>figuram</em></span> <span class='ocrx_word' id='word_1_26' title='bbox 454 1775 675 1840; x_wconf 81' lang='lat' dir='ltr'><em>&#39;tribulationis</em></span> <span class='ocrx_word' id='word_1_27' title='bbox 706 1781 954 1854; x_wconf 81' lang='lat' dir='ltr'><em>superventurae.</em></span> <span class='ocrx_word' id='word_1_28' title='bbox 998 1768 1217 1831; x_wconf 86' lang='lat' dir='ltr'><em>Proficiseebar</em></span> <span class='ocrx_word' id='word_1_29' title='bbox 1250 1771 1280 1832; x_wconf 94' lang='lat' dir='ltr'><em>in</em></span> <span class='ocrx_word' id='word_1_30' title='bbox 1307 1770 1357 1832; x_wconf 88' lang='lat' dir='ltr'><em>ilia</em></span> <span class='ocrx_word' id='word_1_31' title='bbox 1378 1772 1419 1832; x_wconf 83' lang='lat' dir='ltr'><em>ria</em></span> 
     </span>
     <span class='ocr_line' id='line_1_6' title="bbox 295 1871 1419 1965; baseline -0.008 -19"><span class='ocrx_word' id='word_1_32' title='bbox 295 1883 488 1965; x_wconf 84' lang='lat' dir='ltr'><em>²Campana;</em></span> <span class='ocrx_word' id='word_1_33' title='bbox 520 1883 607 1944; x_wconf 87' lang='lat' dir='ltr'><em>avia</em></span> <span class='ocrx_word' id='word_1_34' title='bbox 638 1885 736 1941; x_wconf 90' lang='lat' dir='ltr'><em>autem</em></span> <span class='ocrx_word' id='word_1_35' title='bbox 767 1878 884 1960; x_wconf 90' lang='lat' dir='ltr'><em>publica</em></span> <span class='ocrx_word' id='word_1_36' title='bbox 915 1878 945 1938; x_wconf 90' lang='lat' dir='ltr'><em>in</em></span> <span class='ocrx_word' id='word_1_37' title='bbox 977 1871 1104 1936; x_wconf 70' lang='grc' dir='ltr'><em>3νΙΙΙιιιιι</em></span> <span class='ocrx_word' id='word_1_38' title='bbox 1134 1880 1203 1938; x_wconf 89' lang='lat' dir='ltr'><em>sunt</em></span> <span class='ocrx_word' id='word_1_39' title='bbox 1236 1875 1304 1938; x_wconf 87' lang='lat' dir='ltr'><em>iere</em></span> <span class='ocrx_word' id='word_1_40' title='bbox 1335 1877 1419 1938; x_wconf 81' lang='lat' dir='ltr'><em>stadia</em></span> 
     </span>
     <span class='ocr_line' id='line_1_7' title="bbox 295 1977 1419 2064; baseline -0.006 -13"><span class='ocrx_word' id='word_1_41' title='bbox 295 1987 408 2051; x_wconf 88' lang='lat' dir='ltr'><em>decem.</em></span> <span class='ocrx_word' id='word_1_42' title='bbox 439 1987 518 2049; x_wconf 85' lang='lat' dir='ltr'><em>Raro</em></span> <span class='ocrx_word' id='word_1_43' title='bbox 541 1991 638 2048; x_wconf 92' lang='lat' dir='ltr'><em>autem</em></span> <span class='ocrx_word' id='word_1_44' title='bbox 663 1985 719 2044; x_wconf 89' lang='lat' dir='ltr'><em>iter</em></span> <span class='ocrx_word' id='word_1_45' title='bbox 742 1982 774 2044; x_wconf 88' lang='lat' dir='ltr'><em>fit</em></span> <span class='ocrx_word' id='word_1_46' title='bbox 796 2001 851 2064; x_wconf 90' lang='lat' dir='ltr'><em>per</em></span> <span class='ocrx_word' id='word_1_47' title='bbox 872 1982 972 2044; x_wconf 88' lang='lat' dir='ltr'><em>locum</em></span> <span class='ocrx_word' id='word_1_48' title='bbox 995 1978 1085 2042; x_wconf 88' lang='lat' dir='ltr'><em>illum.</em></span> <span class='ocrx_word' id='word_1_49' title='bbox 1116 1977 1152 2040; x_wconf 86' lang='lat' dir='ltr'><em>Et</em></span> <span class='ocrx_word' id='word_1_50' title='bbox 1170 1980 1258 2043; x_wconf 83' lang='lat' dir='ltr'><em>sotus</em></span> <span class='ocrx_word' id='word_1_51' title='bbox 1275 1981 1419 2044; x_wconf 84' lang='lat' dir='ltr'><em>ambulans</em></span> 
     </span>
     <span class='ocr_line' id='line_1_8' title="bbox 293 2084 1419 2175; baseline -0.006 -20"><span class='ocrx_word' id='word_1_52' title='bbox 293 2093 438 2175; x_wconf 81' lang='lat' dir='ltr'><strong>rogabam</strong></span> <span class='ocrx_word' id='word_1_53' title='bbox 454 2090 621 2166; x_wconf 91' lang='lat' dir='ltr'><em>Dominum,</em></span> <span class='ocrx_word' id='word_1_54' title='bbox 645 2096 677 2150; x_wconf 93' lang='lat' dir='ltr'><em>ut</em></span> <span class='ocrx_word' id='word_1_55' title='bbox 700 2087 903 2149; x_wconf 80' lang='lat' dir='ltr'><em>revelationes</em></span> <span class='ocrx_word' id='word_1_56' title='bbox 927 2087 1004 2167; x_wconf 89' lang='lat' dir='ltr'><em>ejus,</em></span> <span class='ocrx_word' id='word_1_57' title='bbox 1027 2084 1195 2164; x_wconf 78' lang='lat' dir='ltr'><em>quaemihi</em></span> <span class='ocrx_word' id='word_1_58' title='bbox 1220 2085 1355 2148; x_wconf 87' lang='lat' dir='ltr'><em>ostendit</em></span> <span class='ocrx_word' id='word_1_59' title='bbox 1372 2105 1419 2168; x_wconf 89' lang='lat' dir='ltr'><em>per</em></span> 
     </span>
     <span class='ocr_line' id='line_1_9' title="bbox 295 2189 1419 2270; baseline -0.004 -12"><span class='ocrx_word' id='word_1_60' title='bbox 295 2202 426 2259; x_wconf 87' lang='lat' dir='ltr'><em>sanctam</em></span> <span class='ocrx_word' id='word_1_61' title='bbox 444 2195 601 2257; x_wconf 86' lang='lat' dir='ltr'><em>ecetesiam</em></span> <span class='ocrx_word' id='word_1_62' title='bbox 617 2211 711 2270; x_wconf 90' lang='lat' dir='ltr'><em>suam,</em></span> <span class='ocrx_word' id='word_1_63' title='bbox 729 2191 931 2267; x_wconf 84' lang='lat' dir='ltr'><em>confirmaret,</em></span> <span class='ocrx_word' id='word_1_64' title='bbox 948 2195 977 2251; x_wconf 91' lang='lat' dir='ltr'><em>et</em></span> <span class='ocrx_word' id='word_1_65' title='bbox 993 2189 1077 2251; x_wconf 89' lang='lat' dir='ltr'><em>daret</em></span> <span class='ocrx_word' id='word_1_66' title='bbox 1093 2189 1310 2270; x_wconf 87' lang='lat' dir='ltr'><em>poenitentiam</em></span> <span class='ocrx_word' id='word_1_67' title='bbox 1327 2191 1419 2254; x_wconf 87' lang='lat' dir='ltr'><em>omni·</em></span> 
     </span>
     <span class='ocr_line' id='line_1_10' title="bbox 294 2291 1418 2377; baseline -0.007 -14"><span class='ocrx_word' id='word_1_68' title='bbox 294 2302 351 2364; x_wconf 94' lang='lat' dir='ltr'><em>bus</em></span> <span class='ocrx_word' id='word_1_69' title='bbox 375 2301 474 2362; x_wconf 85' lang='lat' dir='ltr'><em>serris</em></span> <span class='ocrx_word' id='word_1_70' title='bbox 496 2299 569 2376; x_wconf 93' lang='lat' dir='ltr'><em>suis,</em></span> <span class='ocrx_word' id='word_1_71' title='bbox 593 2298 644 2377; x_wconf 89' lang='lat' dir='ltr'><em>qui</em></span> <span class='ocrx_word' id='word_1_72' title='bbox 667 2294 888 2358; x_wconf 77' lang='lat' dir='ltr'><em>⁴seandatizati</em></span> <span class='ocrx_word' id='word_1_73' title='bbox 912 2298 997 2368; x_wconf 92' lang='lat' dir='ltr'><em>sunt;</em></span> <span class='ocrx_word' id='word_1_74' title='bbox 1019 2296 1052 2354; x_wconf 84' lang='lat' dir='ltr'><em>ut</em></span> <span class='ocrx_word' id='word_1_75' title='bbox 1074 2291 1293 2356; x_wconf 80' lang='lat' dir='ltr'><em>honorificetur</em></span> <span class='ocrx_word' id='word_1_76' title='bbox 1317 2312 1418 2357; x_wconf 90' lang='lat' dir='ltr'><em>nomeu</em></span> 
     </span>
     <span class='ocr_line' id='line_1_11' title="bbox 297 2396 1418 2487; baseline -0.006 -20"><span class='ocrx_word' id='word_1_77' title='bbox 297 2406 363 2487; x_wconf 86' lang='lat' dir='ltr'><em>ejus</em></span> <span class='ocrx_word' id='word_1_78' title='bbox 387 2422 524 2484; x_wconf 84' lang='lat' dir='ltr'><em>magnum</em></span> <span class='ocrx_word' id='word_1_79' title='bbox 549 2409 578 2464; x_wconf 88' lang='lat' dir='ltr'><em>et</em></span> <span class='ocrx_word' id='word_1_80' title='bbox 602 2400 815 2475; x_wconf 64' lang='lat' dir='ltr'><em>honorificum</em></span> <span class='ocrx_word' id='word_1_81' title='bbox 840 2396 907 2477; x_wconf 79' lang='lat' dir='ltr'><em>⁵et,</em></span> <span class='ocrx_word' id='word_1_82' title='bbox 930 2399 998 2479; x_wconf 90' lang='lat' dir='ltr'><em>quia</em></span> <span class='ocrx_word' id='word_1_83' title='bbox 1022 2416 1069 2460; x_wconf 92' lang='lat' dir='ltr'><em>me</em></span> <span class='ocrx_word' id='word_1_84' title='bbox 1092 2397 1215 2480; x_wconf 79' lang='lat' dir='ltr'><em>dignum</em></span> <span class='ocrx_word' id='word_1_85' title='bbox 1237 2400 1418 2475; x_wconf 87' lang='lat' dir='ltr'><em>existimarit,</em></span> 
     </span>
     <span class='ocr_line' id='line_1_12' title="bbox 295 2502 1417 2586; baseline -0.006 -15"><span class='ocrx_word' id='word_1_86' title='bbox 295 2516 329 2572; x_wconf 89' lang='lat' dir='ltr'><em>ut</em></span> <span class='ocrx_word' id='word_1_87' title='bbox 349 2506 523 2571; x_wconf 89' lang='lat' dir='ltr'><em>ostenderet</em></span> <span class='ocrx_word' id='word_1_88' title='bbox 538 2507 607 2568; x_wconf 87' lang='lat' dir='ltr'><em>mihi</em></span> <span class='ocrx_word' id='word_1_89' title='bbox 623 2506 764 2569; x_wconf 73' lang='lat' dir='ltr'><em>notabilia</em></span> <span class='ocrx_word' id='word_1_90' title='bbox 789 2523 852 2583; x_wconf 90' lang='lat' dir='ltr'><em>sua,</em></span> <span class='ocrx_word' id='word_1_91' title='bbox 876 2511 905 2566; x_wconf 90' lang='lat' dir='ltr'><em>et</em></span> <span class='ocrx_word' id='word_1_92' title='bbox 922 2523 988 2567; x_wconf 94' lang='lat' dir='ltr'><em>eum</em></span> <span class='ocrx_word' id='word_1_93' title='bbox 1006 2502 1246 2581; x_wconf 86' lang='lat' dir='ltr'><em>honorificarem,</em></span> <span class='ocrx_word' id='word_1_94' title='bbox 1271 2510 1301 2564; x_wconf 90' lang='lat' dir='ltr'><em>et</em></span> <span class='ocrx_word' id='word_1_95' title='bbox 1317 2505 1417 2586; x_wconf 79' lang='lat' dir='ltr'><em>gratias</em></span> 
     </span>
     <span class='ocr_line' id='line_1_13' title="bbox 297 2608 1416 2693; baseline -0.004 -19"><span class='ocrx_word' id='word_1_96' title='bbox 297 2630 429 2693; x_wconf 87' lang='lat' dir='ltr'><em>agerem.</em></span> <span class='ocrx_word' id='word_1_97' title='bbox 475 2612 636 2691; x_wconf 81' lang='lat' dir='ltr'><em>Tamquam</em></span> <span class='ocrx_word' id='word_1_98' title='bbox 660 2629 721 2674; x_wconf 85' lang='lat' dir='ltr'><em>vox</em></span> <span class='ocrx_word' id='word_1_99' title='bbox 745 2611 814 2673; x_wconf 89' lang='lat' dir='ltr'><em>mihi</em></span> <span class='ocrx_word' id='word_1_100' title='bbox 838 2608 1011 2690; x_wconf 86' lang='lat' dir='ltr'><em>respondit:</em></span> <span class='ocrx_word' id='word_1_101' title='bbox 1038 2627 1095 2687; x_wconf 86' lang='lat' dir='ltr'><em>„ne</em></span> <span class='ocrx_word' id='word_1_102' title='bbox 1118 2608 1258 2687; x_wconf 86' lang='lat' dir='ltr'><em>dubites,</em></span> <span class='ocrx_word' id='word_1_103' title='bbox 1282 2608 1416 2671; x_wconf 67' lang='lat' dir='ltr'><em>Hermai*</em></span> 
     </span>
     <span class='ocr_line' id='line_1_14' title="bbox 296 2702 1416 2798; baseline -0.001 -21"><span class='ocrx_word' id='word_1_104' title='bbox 296 2716 374 2777; x_wconf 87' lang='lat' dir='ltr'><em>intra</em></span> <span class='ocrx_word' id='word_1_105' title='bbox 393 2734 440 2776; x_wconf 90' lang='lat' dir='ltr'><em>me</em></span> <span class='ocrx_word' id='word_1_106' title='bbox 456 2734 531 2797; x_wconf 85' lang='lat' dir='ltr'><em>ergo</em></span> <span class='ocrx_word' id='word_1_107' title='bbox 548 2716 634 2796; x_wconf 88' lang='lat' dir='ltr'><em>coepi</em></span> <span class='ocrx_word' id='word_1_108' title='bbox 651 2717 786 2798; x_wconf 85' lang='lat' dir='ltr'><em>cogitare</em></span> <span class='ocrx_word' id='word_1_109' title='bbox 796 2702 832 2777; x_wconf 62' lang='lat' dir='ltr'><em>&#39;et</em></span> <span class='ocrx_word' id='word_1_110' title='bbox 850 2715 969 2778; x_wconf 87' lang='lat' dir='ltr'><em>dicere:</em></span> <span class='ocrx_word' id='word_1_111' title='bbox 986 2730 1066 2796; x_wconf 85' lang='lat' dir='ltr'><em>„ego</em></span> <span class='ocrx_word' id='word_1_112' title='bbox 1083 2712 1153 2793; x_wconf 90' lang='lat' dir='ltr'><em>qnid</em></span> <span class='ocrx_word' id='word_1_113' title='bbox 1169 2711 1269 2775; x_wconf 88' lang='lat' dir='ltr'><em>babeo</em></span> <span class='ocrx_word' id='word_1_114' title='bbox 1282 2713 1416 2792; x_wconf 87' lang='lat' dir='ltr'><em>dubitare,</em></span> 
     </span>
     <span class='ocr_line' id='line_1_15' title="bbox 297 2808 1416 2902; baseline 0.001 -21"><span class='ocrx_word' id='word_1_115' title='bbox 297 2820 341 2881; x_wconf 92' lang='lat' dir='ltr'><em>sic</em></span> <span class='ocrx_word' id='word_1_116' title='bbox 364 2808 503 2882; x_wconf 82' lang='lat' dir='ltr'><em>fundatus</em></span> <span class='ocrx_word' id='word_1_117' title='bbox 520 2838 535 2880; x_wconf 92' lang='lat' dir='ltr'><em>a</em></span> <span class='ocrx_word' id='word_1_118' title='bbox 551 2820 690 2898; x_wconf 90' lang='lat' dir='ltr'><em>Domino,</em></span> <span class='ocrx_word' id='word_1_119' title='bbox 713 2827 743 2882; x_wconf 89' lang='lat' dir='ltr'><em>et</em></span> <span class='ocrx_word' id='word_1_120' title='bbox 766 2822 816 2902; x_wconf 88' lang='lat' dir='ltr'><em>qui</em></span> <span class='ocrx_word' id='word_1_121' title='bbox 840 2820 900 2883; x_wconf 88' lang='lat' dir='ltr'><em>vidi</em></span> <span class='ocrx_word' id='word_1_122' title='bbox 921 2817 1101 2881; x_wconf 81' lang='lat' dir='ltr'><em>honorificas</em></span> <span class='ocrx_word' id='word_1_123' title='bbox 1118 2813 1215 2879; x_wconf 78' lang='lat' dir='ltr'><em>res?“</em></span> <span class='ocrx_word' id='word_1_124' title='bbox 1240 2818 1416 2901; x_wconf 80' lang='lat' dir='ltr'><em>Progressus</em></span> 
     </span>
     <span class='ocr_line' id='line_1_16' title="bbox 297 2923 1415 3005; baseline -0.003 -18"><span class='ocrx_word' id='word_1_125' title='bbox 297 2942 362 2987; x_wconf 93' lang='lat' dir='ltr'><em>sum</em></span> <span class='ocrx_word' id='word_1_126' title='bbox 387 2924 546 3005; x_wconf 88' lang='lat' dir='ltr'><em>paululum,</em></span> <span class='ocrx_word' id='word_1_127' title='bbox 571 2923 688 3002; x_wconf 80' lang='lat' dir='ltr'><em>iratres,</em></span> <span class='ocrx_word' id='word_1_128' title='bbox 712 2931 740 2986; x_wconf 88' lang='lat' dir='ltr'><em>et</em></span> <span class='ocrx_word' id='word_1_129' title='bbox 764 2944 837 2987; x_wconf 88' lang='lat' dir='ltr'><em>ecee</em></span> <span class='ocrx_word' id='word_1_130' title='bbox 855 2924 943 2987; x_wconf 89' lang='lat' dir='ltr'><em>video</em></span> <span class='ocrx_word' id='word_1_131' title='bbox 960 2924 1113 3005; x_wconf 86' lang='lat' dir='ltr'><em>pulverem</em></span> <span class='ocrx_word' id='word_1_132' title='bbox 1130 2941 1228 3004; x_wconf 84' lang='lat' dir='ltr'><em>usque</em></span> <span class='ocrx_word' id='word_1_133' title='bbox 1245 2923 1282 2986; x_wconf 91' lang='lat' dir='ltr'><em>ad</em></span> <span class='ocrx_word' id='word_1_134' title='bbox 1300 2924 1415 2987; x_wconf 88' lang='lat' dir='ltr'><em>coelun.</em></span> 
     </span>
     <span class='ocr_line' id='line_1_17' title="bbox 300 3028 1414 3111; baseline -0.001 -21"><span class='ocrx_word' id='word_1_135' title='bbox 300 3028 393 3110; x_wconf 86' lang='lat' dir='ltr'><em>Coepi</em></span> <span class='ocrx_word' id='word_1_136' title='bbox 418 3029 520 3091; x_wconf 91' lang='lat' dir='ltr'><em>dicere</em></span> <span class='ocrx_word' id='word_1_137' title='bbox 543 3030 617 3090; x_wconf 90' lang='lat' dir='ltr'><em>intra</em></span> <span class='ocrx_word' id='word_1_138' title='bbox 642 3049 704 3092; x_wconf 90' lang='lat' dir='ltr'><em>me:</em></span> <span class='ocrx_word' id='word_1_139' title='bbox 730 3030 892 3111; x_wconf 87' lang='lat' dir='ltr'><em>,numquid</em></span> <span class='ocrx_word' id='word_1_140' title='bbox 912 3032 1046 3111; x_wconf 87' lang='lat' dir='ltr'><em>jumenta</em></span> <span class='ocrx_word' id='word_1_141' title='bbox 1070 3028 1202 3107; x_wconf 90' lang='lat' dir='ltr'><em>veniunt,</em></span> <span class='ocrx_word' id='word_1_142' title='bbox 1227 3035 1257 3091; x_wconf 90' lang='lat' dir='ltr'><em>et</em></span> <span class='ocrx_word' id='word_1_143' title='bbox 1272 3029 1414 3111; x_wconf 81' lang='lat' dir='ltr'><em>puluerem</em></span> 
     </span>
    </p>

    <p class='ocr_par' dir='ltr' id='par_1_5' title="bbox 217 3129 1413 3635">
     <span class='ocr_line' id='line_1_18' title="bbox 217 3129 1413 3214; baseline 0.001 -21"><span class='ocrx_word' id='word_1_144' title='bbox 217 3129 222 3136; x_wconf 83' lang='grc'><strong>’</strong></span> <span class='ocrx_word' id='word_1_145' title='bbox 299 3134 475 3195; x_wconf 82' lang='lat' dir='ltr'><em>excitant?“</em></span> <span class='ocrx_word' id='word_1_146' title='bbox 522 3134 656 3196; x_wconf 87' lang='lat' dir='ltr'><em>Distabat</em></span> <span class='ocrx_word' id='word_1_147' title='bbox 686 3139 783 3196; x_wconf 90' lang='lat' dir='ltr'><em>autem</em></span> <span class='ocrx_word' id='word_1_148' title='bbox 808 3154 824 3198; x_wconf 90' lang='lat' dir='ltr'><em>a</em></span> <span class='ocrx_word' id='word_1_149' title='bbox 849 3153 895 3196; x_wconf 91' lang='lat' dir='ltr'><em>me</em></span> <span class='ocrx_word' id='word_1_150' title='bbox 926 3141 1070 3214; x_wconf 86' lang='lat' dir='ltr'><em>tamquam</em></span> <span class='ocrx_word' id='word_1_151' title='bbox 1102 3132 1239 3195; x_wconf 86' lang='lat' dir='ltr'><em>stadium.</em></span> <span class='ocrx_word' id='word_1_152' title='bbox 1284 3133 1322 3197; x_wconf 87' lang='lat' dir='ltr'><em>Et</em></span> <span class='ocrx_word' id='word_1_153' title='bbox 1343 3151 1413 3210; x_wconf 88' lang='lat' dir='ltr'><em>ecee,</em></span> 
     </span>
     <span class='ocr_line' id='line_1_19' title="bbox 296 3237 1410 3323; baseline 0.001 -24"><span class='ocrx_word' id='word_1_154' title='bbox 296 3237 384 3300; x_wconf 88' lang='lat' dir='ltr'><em>video</em></span> <span class='ocrx_word' id='word_1_155' title='bbox 401 3239 494 3320; x_wconf 82' lang='lat' dir='ltr'><em>magis</em></span> <span class='ocrx_word' id='word_1_156' title='bbox 512 3238 667 3321; x_wconf 81' lang='lat' dir='ltr'><em>magisque</em></span> <span class='ocrx_word' id='word_1_157' title='bbox 683 3239 837 3319; x_wconf 82' lang='lat' dir='ltr'><em>pulverem</em></span> <span class='ocrx_word' id='word_1_158' title='bbox 854 3245 1077 3321; x_wconf 84' lang='lat' dir='ltr'><em>exsurgentem,</em></span> <span class='ocrx_word' id='word_1_159' title='bbox 1101 3237 1177 3301; x_wconf 90' lang='lat' dir='ltr'><em>adeo</em></span> <span class='ocrx_word' id='word_1_160' title='bbox 1193 3245 1227 3300; x_wconf 88' lang='lat' dir='ltr'><em>ut</em></span> <span class='ocrx_word' id='word_1_161' title='bbox 1242 3242 1410 3323; x_wconf 86' lang='lat' dir='ltr'><em>suspicarer,</em></span> 
     </span>
     <span class='ocr_line' id='line_1_20' title="bbox 296 3342 1410 3424; baseline 0.002 -22"><span class='ocrx_word' id='word_1_162' title='bbox 296 3358 365 3402; x_wconf 87' lang='lat' dir='ltr'><em>esse</em></span> <span class='ocrx_word' id='word_1_163' title='bbox 389 3342 498 3422; x_wconf 88' lang='lat' dir='ltr'><em>aliquid</em></span> <span class='ocrx_word' id='word_1_164' title='bbox 522 3342 669 3404; x_wconf 86' lang='lat' dir='ltr'><em>divinitus.</em></span> <span class='ocrx_word' id='word_1_165' title='bbox 715 3344 855 3406; x_wconf 85' lang='lat' dir='ltr'><em>Pusillum</em></span> <span class='ocrx_word' id='word_1_166' title='bbox 878 3351 974 3407; x_wconf 89' lang='lat' dir='ltr'><em>autem</em></span> <span class='ocrx_word' id='word_1_167' title='bbox 999 3343 1185 3424; x_wconf 86' lang='lat' dir='ltr'><em>resplenduit</em></span> <span class='ocrx_word' id='word_1_168' title='bbox 1207 3345 1274 3423; x_wconf 91' lang='lat' dir='ltr'><em>sol,</em></span> <span class='ocrx_word' id='word_1_169' title='bbox 1297 3350 1328 3406; x_wconf 89' lang='lat' dir='ltr'><em>et</em></span> <span class='ocrx_word' id='word_1_170' title='bbox 1348 3362 1410 3406; x_wconf 86' lang='lat' dir='ltr'><em>ecee</em></span> 
     </span>
     <span class='ocr_line' id='line_1_21' title="bbox 294 3444 1407 3530; baseline 0.002 -25"><span class='ocrx_word' id='word_1_171' title='bbox 294 3444 385 3508; x_wconf 88' lang='lat' dir='ltr'><em>video</em></span> <span class='ocrx_word' id='word_1_172' title='bbox 408 3447 532 3509; x_wconf 89' lang='lat' dir='ltr'><em>bestiam</em></span> <span class='ocrx_word' id='word_1_173' title='bbox 557 3465 691 3530; x_wconf 82' lang='lat' dir='ltr'><em>magnam</em></span> <span class='ocrx_word' id='word_1_174' title='bbox 715 3449 807 3510; x_wconf 81' lang='lat' dir='ltr'><em>ueluti</em></span> <span class='ocrx_word' id='word_1_175' title='bbox 830 3444 975 3527; x_wconf 83' lang='lat' dir='ltr'><em>⁶eetum‚</em></span> <span class='ocrx_word' id='word_1_176' title='bbox 1004 3454 1033 3509; x_wconf 92' lang='lat' dir='ltr'><em>et</em></span> <span class='ocrx_word' id='word_1_177' title='bbox 1056 3465 1096 3509; x_wconf 86' lang='lat' dir='ltr'><em>ex</em></span> <span class='ocrx_word' id='word_1_178' title='bbox 1119 3463 1173 3509; x_wconf 93' lang='lat' dir='ltr'><em>ore</em></span> <span class='ocrx_word' id='word_1_179' title='bbox 1198 3450 1266 3529; x_wconf 88' lang='lat' dir='ltr'><em>ejus</em></span> <span class='ocrx_word' id='word_1_180' title='bbox 1289 3449 1407 3511; x_wconf 85' lang='lat' dir='ltr'><em>locustae</em></span> 
     </span>
     <span class='ocr_line' id='line_1_22' title="bbox 293 3548 1406 3635; baseline 0.001 -25"><span class='ocrx_word' id='word_1_181' title='bbox 293 3548 402 3631; x_wconf 79' lang='lat' dir='ltr'><em>ignme</em></span> <span class='ocrx_word' id='word_1_182' title='bbox 426 3552 637 3631; x_wconf 86' lang='lat' dir='ltr'><em>procedebant.</em></span> <span class='ocrx_word' id='word_1_183' title='bbox 676 3551 746 3613; x_wconf 90' lang='lat' dir='ltr'><em>Erat</em></span> <span class='ocrx_word' id='word_1_184' title='bbox 769 3559 867 3614; x_wconf 88' lang='lat' dir='ltr'><em>autem</em></span> <span class='ocrx_word' id='word_1_185' title='bbox 890 3559 1001 3615; x_wconf 87' lang='lat' dir='ltr'><em>statura</em></span> <span class='ocrx_word' id='word_1_186' title='bbox 1024 3553 1139 3614; x_wconf 86' lang='lat' dir='ltr'><em>bestiae</em></span> <span class='ocrx_word' id='word_1_187' title='bbox 1155 3552 1232 3614; x_wconf 90' lang='lat' dir='ltr'><em>iilius</em></span> <span class='ocrx_word' id='word_1_188' title='bbox 1249 3552 1340 3635; x_wconf 90' lang='lat' dir='ltr'><em>pedes</em></span> <span class='ocrx_word' id='word_1_189' title='bbox 1354 3551 1406 3614; x_wconf 86' lang='lat' dir='ltr'><em>iere</em></span> 
     </span>
    </p>

    <p class='ocr_par' dir='ltr' id='par_1_6' title="bbox 192 3656 1404 4365">
     <span class='ocr_line' id='line_1_23' title="bbox 192 3656 1404 3739; baseline 0.006 -29"><span class='ocrx_word' id='word_1_190' title='bbox 192 3699 197 3710; x_wconf 61' lang='lat'><em>„</em></span> <span class='ocrx_word' id='word_1_191' title='bbox 294 3660 422 3734; x_wconf 86' lang='lat' dir='ltr'><em>eentum,</em></span> <span class='ocrx_word' id='word_1_192' title='bbox 446 3662 532 3738; x_wconf 85' lang='lat' dir='ltr'><em>eaput</em></span> <span class='ocrx_word' id='word_1_193' title='bbox 555 3664 653 3719; x_wconf 88' lang='lat' dir='ltr'><em>autem</em></span> <span class='ocrx_word' id='word_1_194' title='bbox 676 3656 805 3719; x_wconf 86' lang='lat' dir='ltr'><em>habebat</em></span> <span class='ocrx_word' id='word_1_195' title='bbox 827 3665 973 3739; x_wconf 90' lang='lat' dir='ltr'><em>tamquam</em></span> <span class='ocrx_word' id='word_1_196' title='bbox 996 3675 1049 3719; x_wconf 87' lang='lat' dir='ltr'><em>vas</em></span> <span class='ocrx_word' id='word_1_197' title='bbox 1073 3656 1186 3718; x_wconf 90' lang='lat' dir='ltr'><em>urnaie.</em></span> <span class='ocrx_word' id='word_1_198' title='bbox 1230 3656 1323 3738; x_wconf 87' lang='lat' dir='ltr'><em>Coepi</em></span> <span class='ocrx_word' id='word_1_199' title='bbox 1345 3656 1404 3718; x_wconf 82' lang='lat' dir='ltr'><em>dere</em></span> 
     </span>
     <span class='ocr_line' id='line_1_24' title="bbox 295 3759 1403 3837; baseline 0.002 -17"><span class='ocrx_word' id='word_1_200' title='bbox 295 3764 325 3820; x_wconf 90' lang='lat' dir='ltr'><em>et</em></span> <span class='ocrx_word' id='word_1_201' title='bbox 349 3760 491 3823; x_wconf 86' lang='lat' dir='ltr'><em>invocare</em></span> <span class='ocrx_word' id='word_1_202' title='bbox 507 3760 675 3837; x_wconf 90' lang='lat' dir='ltr'><em>Dominum,</em></span> <span class='ocrx_word' id='word_1_203' title='bbox 699 3768 730 3822; x_wconf 91' lang='lat' dir='ltr'><em>ut</em></span> <span class='ocrx_word' id='word_1_204' title='bbox 754 3780 801 3823; x_wconf 90' lang='lat' dir='ltr'><em>me</em></span> <span class='ocrx_word' id='word_1_205' title='bbox 824 3762 966 3823; x_wconf 89' lang='lat' dir='ltr'><em>liberaret</em></span> <span class='ocrx_word' id='word_1_206' title='bbox 989 3760 1024 3822; x_wconf 91' lang='lat' dir='ltr'><em>ab</em></span> <span class='ocrx_word' id='word_1_207' title='bbox 1048 3760 1105 3821; x_wconf 88' lang='lat' dir='ltr'><em>iila.</em></span> <span class='ocrx_word' id='word_1_208' title='bbox 1140 3759 1258 3823; x_wconf 88' lang='lat' dir='ltr'><em>Deinde</em></span> <span class='ocrx_word' id='word_1_209' title='bbox 1273 3762 1403 3825; x_wconf 87' lang='lat' dir='ltr'><em>recorda·</em></span> 
     </span>
     <span class='ocr_line' id='line_1_25' title="bbox 292 3863 1402 3945; baseline 0.006 -24"><span class='ocrx_word' id='word_1_210' title='bbox 292 3866 340 3923; x_wconf 84' lang='lat' dir='ltr'><em>tus</em></span> <span class='ocrx_word' id='word_1_211' title='bbox 362 3879 426 3923; x_wconf 90' lang='lat' dir='ltr'><em>sum</em></span> <span class='ocrx_word' id='word_1_212' title='bbox 451 3863 552 3940; x_wconf 91' lang='lat' dir='ltr'><em>verbi,</em></span> <span class='ocrx_word' id='word_1_213' title='bbox 577 3864 656 3943; x_wconf 87' lang='lat' dir='ltr'><em>quod</em></span> <span class='ocrx_word' id='word_1_214' title='bbox 681 3864 845 3928; x_wconf 86' lang='lat' dir='ltr'><em>audieram:</em></span> <span class='ocrx_word' id='word_1_215' title='bbox 872 3885 931 3945; x_wconf 88' lang='lat' dir='ltr'><em>,ne</em></span> <span class='ocrx_word' id='word_1_216' title='bbox 954 3865 1087 3943; x_wconf 89' lang='lat' dir='ltr'><em>dubites,</em></span> <span class='ocrx_word' id='word_1_217' title='bbox 1111 3864 1252 3927; x_wconf 87' lang='lat' dir='ltr'><em>Herma.“</em></span> <span class='ocrx_word' id='word_1_218' title='bbox 1299 3867 1402 3929; x_wconf 83' lang='lat' dir='ltr'><em>tntum</em></span> 
     </span>
     <span class='ocr_line' id='line_1_26' title="bbox 294 3965 1403 4054; baseline 0.003 -27"><span class='ocrx_word' id='word_1_219' title='bbox 294 3983 378 4048; x_wconf 83' lang='lat' dir='ltr'><em>ergo,</em></span> <span class='ocrx_word' id='word_1_220' title='bbox 403 3965 521 4044; x_wconf 84' lang='lat' dir='ltr'><em>iratres,</em></span> <span class='ocrx_word' id='word_1_221' title='bbox 545 3967 632 4029; x_wconf 87' lang='lat' dir='ltr'><em>fidem</em></span> <span class='ocrx_word' id='word_1_222' title='bbox 649 3968 713 4046; x_wconf 85' lang='lat' dir='ltr'><em>Dei,</em></span> <span class='ocrx_word' id='word_1_223' title='bbox 737 3978 766 4030; x_wconf 89' lang='lat' dir='ltr'><em>et</em></span> <span class='ocrx_word' id='word_1_224' title='bbox 788 3976 977 4048; x_wconf 87' lang='lat' dir='ltr'><em>memoratus,</em></span> <span class='ocrx_word' id='word_1_225' title='bbox 1001 3970 1067 4050; x_wconf 89' lang='lat' dir='ltr'><em>quis</em></span> <span class='ocrx_word' id='word_1_226' title='bbox 1084 3969 1184 4033; x_wconf 89' lang='lat' dir='ltr'><em>docuit</em></span> <span class='ocrx_word' id='word_1_227' title='bbox 1200 3990 1249 4032; x_wconf 92' lang='lat' dir='ltr'><em>me</em></span> <span class='ocrx_word' id='word_1_228' title='bbox 1265 3970 1403 4054; x_wconf 79' lang='lat' dir='ltr'><em>magnalia,</em></span> 
     </span>
     <span class='ocr_line' id='line_1_27' title="bbox 291 4068 1403 4149; baseline 0.004 -19"><span class='ocrx_word' id='word_1_229' title='bbox 291 4068 437 4132; x_wconf 85' lang='lat' dir='ltr'><em>audenter</em></span> <span class='ocrx_word' id='word_1_230' title='bbox 460 4070 488 4131; x_wconf 94' lang='lat' dir='ltr'><em>in</em></span> <span class='ocrx_word' id='word_1_231' title='bbox 513 4070 636 4133; x_wconf 90' lang='lat' dir='ltr'><em>bestiam</em></span> <span class='ocrx_word' id='word_1_232' title='bbox 660 4092 707 4134; x_wconf 92' lang='lat' dir='ltr'><em>me</em></span> <span class='ocrx_word' id='word_1_233' title='bbox 731 4074 844 4137; x_wconf 89' lang='lat' dir='ltr'><em>tradidi.</em></span> <span class='ocrx_word' id='word_1_234' title='bbox 888 4076 937 4137; x_wconf 91' lang='lat' dir='ltr'><em>Sie</em></span> <span class='ocrx_word' id='word_1_235' title='bbox 959 4082 1057 4136; x_wconf 89' lang='lat' dir='ltr'><em>autem</em></span> <span class='ocrx_word' id='word_1_236' title='bbox 1080 4075 1220 4137; x_wconf 87' lang='lat' dir='ltr'><em>veniebat</em></span> <span class='ocrx_word' id='word_1_237' title='bbox 1246 4077 1339 4139; x_wconf 89' lang='lat' dir='ltr'><em>bestia</em></span> <span class='ocrx_word' id='word_1_238' title='bbox 1358 4075 1403 4149; x_wconf 90' lang='lat' dir='ltr'><em>ilia,</em></span> 
     </span>
     <span class='ocr_line' id='line_1_28' title="bbox 292 4171 1403 4259; baseline 0.005 -26"><span class='ocrx_word' id='word_1_239' title='bbox 292 4171 332 4233; x_wconf 90' lang='lat' dir='ltr'><em>ita</em></span> <span class='ocrx_word' id='word_1_240' title='bbox 356 4179 388 4235; x_wconf 89' lang='lat' dir='ltr'><em>ut</em></span> <span class='ocrx_word' id='word_1_241' title='bbox 409 4182 513 4255; x_wconf 91' lang='lat' dir='ltr'><em>posset</em></span> <span class='ocrx_word' id='word_1_242' title='bbox 536 4176 565 4237; x_wconf 94' lang='lat' dir='ltr'><em>in</em></span> <span class='ocrx_word' id='word_1_243' title='bbox 590 4179 648 4239; x_wconf 89' lang='lat' dir='ltr'><em>ictu</em></span> <span class='ocrx_word' id='word_1_244' title='bbox 672 4179 819 4241; x_wconf 88' lang='lat' dir='ltr'><em>civitatem</em></span> <span class='ocrx_word' id='word_1_245' title='bbox 844 4180 954 4242; x_wconf 89' lang='lat' dir='ltr'><em>delere.</em></span> <span class='ocrx_word' id='word_1_246' title='bbox 986 4180 1059 4243; x_wconf 80' lang='lat' dir='ltr'><em>Veni</em></span> <span class='ocrx_word' id='word_1_247' title='bbox 1083 4197 1179 4259; x_wconf 87' lang='lat' dir='ltr'><em>prope</em></span> <span class='ocrx_word' id='word_1_248' title='bbox 1202 4179 1294 4259; x_wconf 88' lang='lat' dir='ltr'><em>iilam,</em></span> <span class='ocrx_word' id='word_1_249' title='bbox 1317 4188 1345 4242; x_wconf 92' lang='lat' dir='ltr'><em>et</em></span> <span class='ocrx_word' id='word_1_250' title='bbox 1359 4188 1403 4241; x_wconf 90' lang='lat' dir='ltr'><em>tan</em></span> 
     </span>
     <span class='ocr_line' id='line_1_29' title="bbox 290 4278 1403 4365; baseline 0.007 -28"><span class='ocrx_word' id='word_1_251' title='bbox 290 4278 413 4357; x_wconf 79' lang='lat' dir='ltr'><em>grandis</em></span> <span class='ocrx_word' id='word_1_252' title='bbox 437 4279 531 4341; x_wconf 89' lang='lat' dir='ltr'><em>bestia</em></span> <span class='ocrx_word' id='word_1_253' title='bbox 555 4281 689 4343; x_wconf 88' lang='lat' dir='ltr'><em>extendit</em></span> <span class='ocrx_word' id='word_1_254' title='bbox 711 4300 745 4344; x_wconf 89' lang='lat' dir='ltr'><em>se</em></span> <span class='ocrx_word' id='word_1_255' title='bbox 769 4285 939 4360; x_wconf 88' lang='lat' dir='ltr'><em>interram,</em></span> <span class='ocrx_word' id='word_1_256' title='bbox 964 4290 993 4343; x_wconf 86' lang='lat' dir='ltr'><em>et</em></span> <span class='ocrx_word' id='word_1_257' title='bbox 1016 4282 1086 4343; x_wconf 87' lang='lat' dir='ltr'><em>nihii</em></span> <span class='ocrx_word' id='word_1_258' title='bbox 1110 4284 1166 4343; x_wconf 92' lang='lat' dir='ltr'><em>nisi</em></span> <span class='ocrx_word' id='word_1_259' title='bbox 1191 4283 1322 4365; x_wconf 83' lang='lat' dir='ltr'><em>linguam</em></span> <span class='ocrx_word' id='word_1_260' title='bbox 1341 4300 1403 4365; x_wconf 90' lang='lat' dir='ltr'><em>pro·</em></span> 
     </span>
    </p>
   </div>
   <div class='ocr_carea' id='block_1_5' title="bbox 284 4414 1402 5099">
    <p class='ocr_par' dir='ltr' id='par_1_7' title="bbox 284 4414 1402 5099">
     <span class='ocr_line' id='line_1_30' title="bbox 327 4414 1402 4487; baseline 0.002 -23"><span class='ocrx_word' id='word_1_261' title='bbox 327 4414 355 4483; x_wconf 84' lang='lat'><em>1)</em></span> <span class='ocrx_word' id='word_1_262' title='bbox 374 4414 571 4467; x_wconf 86' lang='lat' dir='ltr'><em>Tribuiationem</em></span> <span class='ocrx_word' id='word_1_263' title='bbox 587 4418 703 4487; x_wconf 77' lang='lat' dir='ltr'><em>inteiligit</em></span> <span class='ocrx_word' id='word_1_264' title='bbox 721 4421 838 4471; x_wconf 70' lang='lat' dir='ltr'><em>suono·</em></span> <span class='ocrx_word' id='word_1_265' title='bbox 900 4420 930 4487; x_wconf 88' lang='grc'><em>5)</em></span> <span class='ocrx_word' id='word_1_266' title='bbox 950 4417 1088 4470; x_wconf 82' lang='lat' dir='ltr'><em>Construe:</em></span> <span class='ocrx_word' id='word_1_267' title='bbox 1116 4423 1240 4484; x_wconf 70' lang='lat' dir='ltr'><em>orabam,</em></span> <span class='ocrx_word' id='word_1_268' title='bbox 1273 4431 1302 4474; x_wconf 85' lang='lat' dir='ltr'><em>ut</em></span> <span class='ocrx_word' id='word_1_269' title='bbox 1326 4421 1362 4487; x_wconf 84' lang='lat' dir='ltr'><em>[et</em></span> <span class='ocrx_word' id='word_1_270' title='bbox 1385 4420 1402 4468; x_wconf 85' lang='lat' dir='ltr'><em>ir</em></span> 
     </span>
     <span class='ocr_line' id='line_1_31' title="bbox 288 4500 1401 4574; baseline 0.009 -25"><span class='ocrx_word' id='word_1_271' title='bbox 288 4500 404 4554; x_wconf 80' lang='lat' dir='ltr'><em>anitiano.</em></span> <span class='ocrx_word' id='word_1_272' title='bbox 433 4506 517 4553; x_wconf 76' lang='lat' dir='ltr'><em>Onon.</em></span> <span class='ocrx_word' id='word_1_273' title='bbox 538 4507 614 4555; x_wconf 84' lang='lat' dir='ltr'><em>Enrr.</em></span> <span class='ocrx_word' id='word_1_274' title='bbox 867 4506 1009 4574; x_wconf 85' lang='lat' dir='ltr'><em>posterum]</em></span> <span class='ocrx_word' id='word_1_275' title='bbox 1029 4510 1094 4559; x_wconf 81' lang='lat' dir='ltr'><em>mitri</em></span> <span class='ocrx_word' id='word_1_276' title='bbox 1110 4508 1248 4559; x_wconf 76' lang='lat' dir='ltr'><em>mirabilia</em></span> <span class='ocrx_word' id='word_1_277' title='bbox 1263 4525 1315 4561; x_wconf 75' lang='lat' dir='ltr'><em>aua</em></span> <span class='ocrx_word' id='word_1_278' title='bbox 1327 4516 1401 4561; x_wconf 80' lang='lat' dir='ltr'><em>aetea-</em></span> 
     </span>
     <span class='ocr_line' id='line_1_32' title="bbox 324 4587 1401 4663; baseline 0.011 -26"><span class='ocrx_word' id='word_1_279' title='bbox 324 4587 354 4650; x_wconf 84' lang='lat'><em>2)</em></span> <span class='ocrx_word' id='word_1_280' title='bbox 375 4590 393 4641; x_wconf 90' lang='grc' dir='ltr'><em>Ι.</em></span> <span class='ocrx_word' id='word_1_281' title='bbox 413 4606 437 4641; x_wconf 90' lang='lat' dir='ltr'><em>e.</em></span> <span class='ocrx_word' id='word_1_282' title='bbox 456 4593 552 4660; x_wconf 80' lang='lat' dir='ltr'><em>Appia,</em></span> <span class='ocrx_word' id='word_1_283' title='bbox 578 4606 643 4659; x_wconf 85' lang='lat' dir='ltr'><em>quae</em></span> <span class='ocrx_word' id='word_1_284' title='bbox 663 4591 753 4643; x_wconf 80' lang='lat' dir='ltr'><em>Cumas</em></span> <span class='ocrx_word' id='word_1_285' title='bbox 773 4593 838 4659; x_wconf 65' lang='lat' dir='ltr'><em>(vta.</em></span> <span class='ocrx_word' id='word_1_286' title='bbox 861 4597 954 4660; x_wconf 31' lang='lat' dir='ltr'><em>,der-et,</em></span> <span class='ocrx_word' id='word_1_287' title='bbox 991 4596 1054 4662; x_wconf 78' lang='lat' dir='ltr'><em>quia</em></span> <span class='ocrx_word' id='word_1_288' title='bbox 1086 4592 1199 4660; x_wconf 83' lang='lat' dir='ltr'><em>[adhuc]</em></span> <span class='ocrx_word' id='word_1_289' title='bbox 1236 4611 1278 4648; x_wconf 74' lang='lat' dir='ltr'><em>ure</em></span> <span class='ocrx_word' id='word_1_290' title='bbox 1313 4598 1401 4663; x_wconf 58' lang='lat' dir='ltr'><em>diona·</em></span> 
     </span>
     <span class='ocr_line' id='line_1_33' title="bbox 286 4666 1400 4751; baseline -0.001 -26"><span class='ocrx_word' id='word_1_291' title='bbox 286 4666 467 4745; x_wconf 78' lang='lat' dir='ltr'><em>11‚1)ducti.</em></span> <span class='ocrx_word' id='word_1_292' title='bbox 867 4684 1041 4733; x_wconf 73' lang='lat' dir='ltr'><em>existimauit.</em></span> <span class='ocrx_word' id='word_1_293' title='bbox 1078 4679 1211 4732; x_wconf 85' lang='lat' dir='ltr'><em>Galtandio</em></span> <span class='ocrx_word' id='word_1_294' title='bbox 1237 4684 1318 4751; x_wconf 77' lang='lat' dir='ltr'><em>mugio</em></span> <span class='ocrx_word' id='word_1_295' title='bbox 1334 4680 1400 4749; x_wconf 78' lang='lat' dir='ltr'><em>piaret</em></span> 
     </span>
     <span class='ocr_line' id='line_1_34' title="bbox 321 4756 1399 4836; baseline 0.006 -23"><span class='ocrx_word' id='word_1_296' title='bbox 321 4756 352 4826; x_wconf 83' lang='grc'><em>3)</em></span> <span class='ocrx_word' id='word_1_297' title='bbox 372 4761 422 4815; x_wconf 81' lang='lat' dir='ltr'><em>Cir.</em></span> <span class='ocrx_word' id='word_1_298' title='bbox 443 4764 492 4816; x_wconf 79' lang='lat' dir='ltr'><em>Vis.</em></span> <span class='ocrx_word' id='word_1_299' title='bbox 514 4762 555 4828; x_wconf 85' lang='lat' dir='ltr'><em>tit,</em></span> <span class='ocrx_word' id='word_1_300' title='bbox 579 4764 606 4814; x_wconf 85' lang='lat'><em>1:</em></span> <span class='ocrx_word' id='word_1_301' title='bbox 627 4768 654 4817; x_wconf 85' lang='lat' dir='ltr'><em>in</em></span> <span class='ocrx_word' id='word_1_302' title='bbox 674 4784 775 4835; x_wconf 79' lang='lat' dir='ltr'><em>aprum.</em></span> <span class='ocrx_word' id='word_1_303' title='bbox 867 4767 942 4817; x_wconf 87' lang='lat' dir='ltr'><em>lectio</em></span> <span class='ocrx_word' id='word_1_304' title='bbox 962 4764 1039 4817; x_wconf 80' lang='lat' dir='ltr'><em>Felti:</em></span> <span class='ocrx_word' id='word_1_305' title='bbox 1065 4769 1100 4820; x_wconf 82' lang='lat' dir='ltr'><em>Et</em></span> <span class='ocrx_word' id='word_1_306' title='bbox 1119 4785 1198 4835; x_wconf 78' lang='lat' dir='ltr'><em>quum</em></span> <span class='ocrx_word' id='word_1_307' title='bbox 1216 4772 1399 4836; x_wconf 72' lang='lat' dir='ltr'><em>bonoripieam</em></span> 
     </span>
     <span class='ocr_line' id='line_1_35' title="bbox 322 4842 1396 4923; baseline 0.009 -26"><span class='ocrx_word' id='word_1_308' title='bbox 322 4842 354 4911; x_wconf 77' lang='grc'><em>4)</em></span> <span class='ocrx_word' id='word_1_309' title='bbox 399 4849 595 4916; x_wconf 35' lang='grc' dir='ltr'><em>Σκανδαλίζοίιιαι</em></span> <span class='ocrx_word' id='word_1_310' title='bbox 639 4873 673 4902; x_wconf 92' lang='lat'><strong><em>=</em></strong></span> <span class='ocrx_word' id='word_1_311' title='bbox 719 4871 839 4921; x_wconf 82' lang='lat' dir='ltr'><em>peecare,</em></span> <span class='ocrx_word' id='word_1_312' title='bbox 867 4862 891 4905; x_wconf 90' lang='lat' dir='ltr'><em>et</em></span> <span class='ocrx_word' id='word_1_313' title='bbox 906 4856 1009 4921; x_wconf 74' lang='lat' dir='ltr'><em>pretias</em></span> <span class='ocrx_word' id='word_1_314' title='bbox 1026 4870 1137 4921; x_wconf 76' lang='lat' dir='ltr'><em>opereat,</em></span> <span class='ocrx_word' id='word_1_315' title='bbox 1154 4863 1288 4923; x_wconf 76' lang='lat' dir='ltr'><em>tamqnam</em></span> <span class='ocrx_word' id='word_1_316' title='bbox 1304 4860 1396 4909; x_wconf 64' lang='lat' dir='ltr'><em>nortia</em></span> 
     </span>
     <span class='ocr_line' id='line_1_36' title="bbox 285 4925 1394 5005; baseline -0.001 -16"><span class='ocrx_word' id='word_1_317' title='bbox 285 4925 453 5002; x_wconf 62' lang='lat' dir='ltr'><em>warnere,</em></span> <span class='ocrx_word' id='word_1_318' title='bbox 498 4942 527 4992; x_wconf 80' lang='lat' dir='ltr'><em>m</em></span> <span class='ocrx_word' id='word_1_319' title='bbox 569 4956 677 4993; x_wconf 57' lang='lat' dir='ltr'><em>morea</em></span> <span class='ocrx_word' id='word_1_320' title='bbox 713 4942 838 4992; x_wconf 65' lang='lat' dir='ltr'><em>rnorem.</em></span> <span class='ocrx_word' id='word_1_321' title='bbox 900 4938 929 5002; x_wconf 78' lang='lat' dir='ltr'><em>e)</em></span> <span class='ocrx_word' id='word_1_322' title='bbox 950 4937 1096 5005; x_wconf 56' lang='lat' dir='ltr'><em>estmoe.</em></span> <span class='ocrx_word' id='word_1_323' title='bbox 1115 4940 1189 5003; x_wconf 78' lang='lat' dir='ltr'><em>mr.</em></span> <span class='ocrx_word' id='word_1_324' title='bbox 1210 4940 1288 5005; x_wconf 69' lang='lat' dir='ltr'><em>:aa</em></span> <span class='ocrx_word' id='word_1_325' title='bbox 1304 4938 1394 5003; x_wconf 72' lang='lat' dir='ltr'><em>ram.</em></span> 
     </span>
     <span class='ocr_line' id='line_1_37' title="bbox 284 5006 1368 5099; baseline 0.02 -45"><span class='ocrx_word' id='word_1_326' title='bbox 284 5006 466 5075; x_wconf 79' lang='lat' dir='ltr'><em>Seaueosmm.</em></span> <span class='ocrx_word' id='word_1_327' title='bbox 871 5025 910 5092; x_wconf 84' lang='lat'><em>1⁷,</em></span> <span class='ocrx_word' id='word_1_328' title='bbox 929 5027 996 5096; x_wconf 72' lang='lat' dir='ltr'><em>Suq.</em></span> <span class='ocrx_word' id='word_1_329' title='bbox 1018 5033 1044 5078; x_wconf 87' lang='lat' dir='ltr'><em>et</em></span> <span class='ocrx_word' id='word_1_330' title='bbox 1061 5027 1214 5080; x_wconf 66' lang='lat' dir='ltr'><em>aaronem</em></span> <span class='ocrx_word' id='word_1_331' title='bbox 1231 5043 1258 5099; x_wconf 84' lang='lat' dir='ltr'><em>p.</em></span> <span class='ocrx_word' id='word_1_332' title='bbox 1279 5027 1318 5079; x_wconf 76' lang='lat'><em>58.</em></span> <span class='ocrx_word' id='word_1_333' title='bbox 1335 5024 1368 5076; x_wconf 79' lang='lat'><em>5⁹.</em></span> 
     </span>
    </p>
   </div>
   <div class='ocr_carea' id='block_1_6' title="bbox 0 0 1538 6450">
    <p class='ocr_par' dir='ltr' id='par_1_8' title="bbox 0 0 1538 6450">
     <span class='ocr_line' id='line_1_38' title="bbox 0 0 1538 6450; baseline 0 3"><span class='ocrx_word' id='word_1_334' title='bbox 0 0 1538 6450; x_wconf 95' lang='lat' dir='ltr'><em> </em></span> 
     </span>
    </p>
   </div>
  </div>
 </body>
</html>
