3067 6450
531 1200 712 1256 carnaeae
731 1203 897 1259 errsrom.
924 1205 987 1259 ιιι.
1279 1212 1318 1277 51

201 1379 264 1421 cnm
284 1361 348 1423 suis
369 1362 511 1442 operibus
534 1363 649 1444 peribit.
689 1365 850 1446 Propterea
875 1366 1067 1443 resurrectio,
1091 1373 1248 1447 propterea
1268 1387 1323 1429 re-

200 1465 328 1527 tributio.
368 1465 455 1547 Rogo
480 1483 552 1543 vos,
571 1484 736 1547 proceres,
761 1470 786 1529 si
810 1470 907 1531 bonae
931 1469 1088 1530 rotnntatis
1111 1487 1195 1531 meac
1218 1472 1324 1532 consi-

199 1569 267 1631 tium
285 1569 426 1650 accipere
444 1570 554 1631 vetitis:
579 1570 694 1633 trahetis
715 1574 884 1650 vobiscum,
909 1573 1014 1653 quibus
1036 1574 1112 1635 benc
1134 1572 1244 1636 fecistis
1252 1595 1261 1651 ;
1285 1594 1324 1638 na

199 1691 252 1734 eos
273 1672 498 1754 derelinquatis.
535 1674 631 1755 Prope
650 1676 728 1736 eninr
752 1684 796 1737 est
819 1676 892 1753 dies,
917 1678 945 1738 in
970 1695 1026 1756 qua
1046 1678 1142 1738 omnia
1162 1697 1227 1739 cunr
1248 1679 1324 1741 mato

199 1778 346 1857 peribunt.
386 1777 482 1858 Propo
502 1786 547 1839 est
564 1778 706 1840 Dominus
727 1785 756 1839 et
775 1796 890 1839 rnerecs
911 1779 985 1859 ejus.
1025 1779 1117 1839 Etiam
1134 1784 1221 1859 atquc
1238 1782 1324 1842 etiam

200 1900 278 1963 rogo
298 1900 373 1943 ros:
398 1887 494 1943 estote
514 1883 597 1944 robis
616 1884 686 1945 troni
706 1882 905 1963 legislatores,
929 1884 1013 1945 ratris
1031 1888 1147 1943 manete
1166 1885 1326 1946 consiliarii

202 1985 322 2062 unctes,
347 1985 439 2047 toilite
463 2005 502 2047 cx
526 1987 612 2049 notris
636 2005 753 2048 omnem
776 1986 967 2068 hypocrisim.
1011 1985 1115 2047 'tiens
1140 1994 1253 2065 autem,
1278 1989 1327 2067 qni

203 2090 346 2151 universo
365 2089 473 2151 mondo
491 2090 667 2165 dominatur,
685 2091 733 2151 det
749 2091 835 2151 vntris
851 2090 1034 2171 sapientiam,
1058 2091 1220 2168 scientiam,
1238 2093 1328 2153 intet-

202 2194 372 2275 tigentiam,
396 2196 597 2275 cognitionem
617 2195 820 2257 mandatorum
839 2212 979 2272 suorum,
1004 2212 1070 2256 cum
1093 2197 1329 2275 perseverantia.

204 2297 375 2360 Eitreiamini
391 2306 489 2360 antnrn
506 2299 584 2360 docti
602 2319 618 2360 a
635 2300 714 2376 uec,
739 2301 949 2379 exquirentes,
974 2298 1042 2379 quid
1061 2316 1076 2358 a
1095 2298 1180 2358 robis
1197 2301 1331 2378 reqirimt

205 2400 365 2480 Dnrninus3
397 2411 425 2465 et
450 2403 575 2481 efficite,
600 2412 630 2465 ut
652 2404 727 2465 satri
751 2404 814 2465 sitis
839 2405 867 2465 in
892 2404 939 2463 dio
958 2403 1071 2484 Judicii.
1119 2402 1148 2464 Si
1173 2422 1230 2483 qua
1256 2422 1329 2465 vero

206 2513 250 2567 est
274 2508 303 2567 in
328 2508 413 2571 robis
436 2509 507 2570 troni
531 2508 717 2585 recordatio,
741 2515 923 2570 momentote
950 2508 1022 2584 mei,
1055 2506 1128 2569 haec
1151 2507 1241 2567 verba
1267 2525 1330 2569 mea

206 2610 400 2689 meditantes,
423 2619 454 2673 ut
473 2619 503 2673 et
523 2612 704 2674 desiderium
726 2619 753 2673 et
775 2613 924 2693 vigilantia
949 2632 1013 2673 mea
1032 2613 1060 2673 in
1080 2611 1198 2691 aliquod
1221 2612 1331 2673 brunum

207 2715 321 2779 eradat.
363 2716 450 2797 Rogo
474 2734 539 2795 ros,
563 2718 685 2799 gratiam
710 2717 871 2798 postulans.
915 2716 985 2779 Cum
1010 2716 1105 2778 adtrnc
1129 2717 1156 2776 in
1182 2716 1238 2777 troc
1261 2716 1332 2796 pul-

208 2821 279 2882 ctrro
301 2817 398 2882 ²rasc
416 2822 504 2898 estis,
528 2822 556 2882 in
573 2821 654 2883 nullo
672 2821 776 2884 trorum
800 2821 1000 2884 nrandatorum
1020 2821 1153 2897 deficite,
1174 2819 1227 2881 scd
1243 2819 1332 2881 indc-

208 2926 342 2987 sinenter
373 2925 447 2987 haec
479 2927 641 3007 exquirito,
673 2934 702 2989 et
734 2927 892 3008 adimpleto
925 2945 1012 2988 omno
1042 2924 1224 2998 nrarrdatum;
1258 2923 1333 2985 traco

208 3048 337 3110 namque
357 3028 446 3112 digna
464 3037 542 3093 sunt.
583 3030 682 3104 Ouarc
701 3033 885 3112 potissimum
904 3031 931 3093 id
954 3050 1074 3113 operam
1095 3028 1171 3106 dedi,
1193 3034 1332 3107 qnantum

208 3138 234 3197 in
258 3135 402 3214 metuit,
426 3144 456 3198 ut
475 3136 637 3198 scriberem
661 3137 764 3213 vobis,
789 3155 849 3217 quo
874 3135 1069 3196 exhilararem
1095 3150 1158 3194 ros.
1204 3131 1333 3204 Satretc,

208 3242 255 3304 titii
277 3242 447 3304 dilectionis
470 3248 500 3303 et
522 3242 612 3323 pacis.
658 3242 803 3304 Dominus
827 3243 942 3325 gloriae
966 3248 995 3302 et
1027 3239 1122 3302 omnis
1155 3236 1268 3318 gratiae
1295 3236 1334 3296 sit

210 3367 270 3410 cum
293 3348 401 3430 spiritu
422 3345 540 3410 restro!
586 3346 691 3410 Amen.
