3067 6450
222 1200 288 1267 340
462 1192 601 1247 nuum
620 1189 756 1246 Pastori.
792 1189 887 1244 ultutt
906 1191 925 1244 l.
963 1190 1047 1243 vlslo
1063 1189 1110 1242 lll.

223 1357 408 1422 sustulerunt
433 1356 616 1433 subsellium,
640 1360 670 1416 et
692 1353 828 1417 abierunt
850 1354 906 1435 ipsi
922 1354 1027 1416 iterum
1043 1353 1072 1415 in
1088 1352 1206 1415 turrim.
1247 1352 1350 1415 Horum

223 1465 331 1528 faciem
354 1483 414 1526 non
437 1464 508 1543 vidi,
533 1463 672 1544 quoniam
689 1460 809 1523 adversi
826 1464 920 1522 erant.
965 1457 1091 1521 Euntem
1107 1457 1185 1520 illam
1203 1458 1350 1540 rogabam,

223 1578 255 1633 ut
278 1570 347 1632 mihi
371 1569 521 1632 revelaret
543 1567 582 1629 de
598 1567 691 1629 tribus
707 1565 823 1649 liguris,
846 1565 875 1626 in
891 1565 998 1645 quibus
1014 1564 1082 1626 mihi
1100 1564 1248 1646 apparuit
1293 1563 1348 1625 lle·

90 1748 98 1765 l
223 1675 376 1757 spondens
407 1682 505 1737 autem
535 1672 603 1734 mihi
635 1671 725 1733 dixit:
760 1669 827 1750 ,de
857 1669 902 1731 his
932 1669 1020 1731 alium
1051 1674 1080 1730 te
1113 1675 1238 1750 oportet
1262 1669 1348 1729 inter·

105 1772 112 1781 ’
223 1797 346 1863 rogare,
369 1784 399 1841 ul
416 1779 467 1841 tibi
483 1777 663 1841 reveletur.“
709 1774 856 1857 Apparuit
871 1781 969 1838 autem
989 1775 1068 1853 mihi,
1092 1772 1215 1852 tratres,
1245 1770 1346 1854 ¹prima

224 1885 358 1962 visione,
391 1901 469 1947 anno
501 1883 678 1964 superiore,
709 1881 797 1943 valde
827 1897 919 1957 anus,
951 1885 980 1942 et
1010 1881 1040 1941 in
1067 1878 1213 1942 cathedra
1236 1877 1345 1940 sedens

224 1985 320 2052 ²Alia
344 1994 441 2051 aulem
462 1989 581 2051 visione
605 1985 710 2049 faeiem
733 1984 852 2067 quidem
871 1985 1034 2068 Juvenilem
1058 1985 1205 2063 habebat,
1236 2001 1345 2046 carnem

224 2102 323 2156 autem
354 2100 385 2156 cl
417 2094 540 2175 capillos
572 2092 685 2169 aniles,
721 2097 750 2154 el
785 2098 868 2154 stans
902 2090 972 2152 mihi
1004 2089 1203 2170 loquebatur;
1236 2087 1346 2150 hilarior

225 2207 323 2262 autem
348 2206 428 2278 erat,
459 2216 546 2279 quam
576 2198 710 2278 primum.
756 2193 885 2258 ³Tertia
909 2202 1007 2259 eutem
1032 2195 1149 2258 visione
1172 2201 1236 2257 tota
1253 2194 1346 2277 junior

224 2311 291 2368 erat
322 2311 352 2367 et
380 2310 503 2386 aspectu
533 2301 670 2381 decora,
692 2307 804 2364 tantum
836 2301 917 2382 quod
946 2300 1069 2383 capillos
1093 2299 1190 2362 aniles
1213 2299 1343 2371 habebat;

226 2408 330 2471 hilaris
354 2413 451 2470 autern
475 2406 551 2469 laoie
574 2412 656 2484 erat,
688 2412 719 2468 et
748 2425 841 2489 super
870 2407 1041 2470 subsellium
1073 2405 1197 2470 sedens.
1243 2405 1286 2468 [le
1306 2403 1343 2466 bis

226 2515 298 2596 ipsis
321 2520 454 2576 moestus
478 2531 559 2575 eram
583 2512 685 2592 valde,
718 2513 815 2576 donec
845 2530 1062 2595 cognoscerem
1093 2511 1243 2574 visionem
1272 2509 1342 2572 hauc

227 2618 323 2680 Video
347 2637 434 2682 anum
457 2619 535 2681 illam
557 2619 587 2679 in
603 2618 669 2680 visu
685 2620 782 2682 noctis
798 2618 945 2682 dicentem
962 2618 1049 2680 mihi:
1073 2613 1086 2652 ⁴
1101 2619 1222 2697 „omnis
1238 2615 1342 2698 rogatio

225 2722 387 2785 humilitate
410 2730 480 2805 eget
487 2741 497 2798 3
516 2724 621 2804 jejuna
644 2741 730 2806 ergo,
755 2730 786 2786 et
808 2724 957 2805 percipies
980 2741 997 2784 a
1020 2722 1163 2802 Domino,
1193 2721 1273 2804 quod
1294 2737 1343 2800 po·

226 2828 348 2892 stulas.“
387 2827 535 2910 Jejunavi·
550 2845 625 2910 ergo
650 2829 727 2891 diem
751 2849 848 2893 unam.
887 2829 997 2892 Eadem
1018 2836 1108 2892 nocte
1128 2830 1263 2911 apparuit
1285 2824 1343 2888 mibi

224 2934 356 3017 juvenis,
373 2939 402 2995 et
417 2934 473 2994 ait:
499 2934 588 3014 ,quid
606 2941 637 2997 tu
655 2933 829 3017 frequenter
846 2936 922 3017 petis
934 2934 1140 3009 ‚revelationes
1153 2935 1184 2996 in
1196 2929 1343 2997 oratioue?

226 3040 318 3117 llide,
354 3057 392 3100 ne
428 3037 517 3100 multa
551 3040 704 3119 postulans
735 3059 848 3103 noceas
880 3041 963 3102 carni
995 3046 1072 3102 tuae.
1119 3039 1272 3104 Sufficiant
1301 3035 1342 3098 tibi

226 3144 431 3207 revelationes
455 3144 520 3205 hae.
566 3143 713 3226 Numquid
729 3148 844 3228 poteris
861 3145 1002 3209 lortioies
1018 3146 1224 3207 revelationes
1245 3142 1341 3217 videre,

228 3269 315 3331 quum
339 3267 412 3330 quas
437 3249 582 3311 vidisti?“
629 3250 827 3332 Respondens
848 3254 876 3314 ei
897 3253 981 3315 dico:
1008 3251 1158 3331 ,domine
1182 3251 1240 3314 boc
1260 3249 1341 3313 solum

229 3364 299 3438 peto
323 3374 376 3438 pro
408 3356 502 3418 tribus
531 3355 633 3437 figuris
664 3357 741 3419 illius
771 3377 862 3436 anus,
893 3364 924 3420 ut
955 3358 1069 3437 integra
1101 3357 1152 3418 fiat
1181 3352 1338 3419 revelatio.“

228 3459 393 3540 Respondit
408 3460 476 3521 mihi
486 3483 494 3521 :
520 3479 595 3537 ,vos
612 3479 671 3524 non
688 3464 831 3525 insensati
848 3464 921 3524 estis
928 3483 937 3539 3
954 3461 1008 3524 sed
1023 3461 1224 3524 dubitationes
1239 3465 1339 3522 vestroe

228 3583 283 3627 vos
307 3566 476 3628 insensatos
501 3563 627 3644 iaciunt,
660 3585 698 3629 eo
730 3567 810 3648 quod
842 3586 903 3630 non
931 3567 1143 3644 habeatiscor
1166 3572 1291 3628 vestrum
1309 3560 1338 3623 ud

229 3665 421 3733 dominum.‘²
468 3670 620 3751 Respondi
652 3671 693 3733 illi
723 3676 754 3734 et
784 3671 863 3734 dixi:
898 3670 979 3750 ,sed
1009 3689 1026 3733 a
1057 3676 1086 3732 te
1121 3689 1157 3733 ea
1187 3668 1338 3755 diligentius

229 3776 479 3858 cognoscemus.“

315 3878 363 3939 Xl.
410 3877 545 3957 ,nullst
570 3880 678 3961 inquit,
704 3880 762 3960 ,de
784 3881 905 3964 figuris,
935 3898 1009 3962 quas
1033 3880 1159 3961 inquiris
1168 3901 1179 3958 ;
1210 3882 1239 3944 in
1263 3880 1338 3962 prima

228 3982 347 4062 quidem
371 3982 489 4044 visione
510 4002 603 4063 quare
619 4004 693 4047 anus
710 3988 760 4048 libi
778 3987 910 4067 apparuit
928 4004 1020 4066 super
1035 3986 1208 4050 cathedram
1224 3980 1339 4050 sedeas?

117 4101 124 4114 ·
229 4083 403 4159 5Οιιοηίειη
426 4088 547 4169 spiritus
569 4096 671 4152 vester
695 4093 844 4171 antiquior
868 4092 953 4154 etiarn
978 4092 1126 4154 marcidus
1151 4099 1215 4172 est,
1245 4100 1273 4156 el
1290 4106 1338 4152 rou

119 4211 127 4222 ‘
229 4188 341 4252 babens
366 4192 423 4252 vim
446 4210 462 4252 a
487 4195 596 4254 vestris
621 4194 834 4257 infirmitatibus
859 4202 888 4258 et
912 4196 1093 4259 dubitatione
1120 4197 1232 4260 cordis.
1274 4197 1340 4258 Sicut

229 4295 305 4355 enim
329 4298 484 4376 seniores,
516 4299 647 4378 quinon
671 4299 781 4361 hubent
804 4317 887 4381 spem
910 4300 1093 4379 renovandi,
1126 4309 1157 4364 el
1184 4302 1256 4364 nibil
1275 4294 1338 4361 aliud

228 4408 405 4479 exspectant
428 4402 484 4463 nisi
508 4402 714 4467 dormitionem
737 4422 838 4481 suam3
862 4405 906 4466 sic
929 4411 960 4466 et
982 4422 1038 4468 vos
1066 4404 1203 4468 infirmati
1227 4425 1243 4470 a
1263 4421 1338 4468 secu·

226 4502 338 4567 laribus
361 4507 490 4588 negotiis
514 4508 674 4570 tradidistis
697 4526 753 4571 vos
776 4509 805 4570 in
829 4509 1015 4589 socordiam,
1047 4515 1160 4574 elnon
1187 4507 1337 4595 projecistis
1366 4553 1369 4560 .

264 4694 292 4763 1)
311 4694 362 4752 vla.
381 4695 400 4760 l,
419 4696 435 4746 2
453 4712 491 4765 sq.
803 4695 1015 4765 ταπεινοφροσύνης
1033 4693 1078 4747 οὐκ
1095 4697 1162 4749 ἔστιν
1178 4694 1335 4767 edepolvae

262 4809 290 4872 2)
310 4809 362 4859 pis·
383 4808 414 4872 ῃ,
434 4811 447 4861 1
468 4826 505 4879 ,ql
762 4768 770 4791 κ
802 4790 914 4854 γενέσθαι
931 4783 1075 4852 προσευχὴν.
1316 4868 1321 4879 ι

262 4919 290 4984 3)
310 4920 361 4972 vis·
381 4919 424 4987 m,
445 4923 456 4973 1
478 4940 515 4991 ,ψ
836 4874 865 4974 b)
884 4872 966 4923 Aliam
975 4875 1116 4975 senectutis
1126 4873 1260 4927 Ecclesiae
1269 4867 1331 4972 expll-

801 4967 927 5012 cabonem
946 4960 1053 5028 legimus
1067 4961 1118 5013 Vm.
1132 4960 1166 5028 ll,
1182 4963 1213 5013 t:
1231 4970 1330 5033 quam

188 5111 196 5120 ι
261 5042 454 5107 ildericellus
478 5043 544 5098 bom.
568 5044 630 5097 106:
656 5045 729 5113 χωρὶς
745 5042 773 5095 δὲ
800 5050 1020 5118 omniumr-iura
1031 5058 1184 5115 maort,
1202 5052 1328 5105 tanao

103 5207 287 5293 Q
