3067 6450
493 1857 993 1974 Pbtuttttt.

286 2248 395 2334 Quum
422 2251 627 2321 vetustiores
654 2247 733 2319 illae
760 2268 843 2342 quas
864 2246 1026 2319 babemus
1045 2246 1179 2319 Patrum
1203 2251 1307 2344 Apo-

179 2363 375 2436 stolicorum
397 2362 617 2435 collectiones
636 2371 704 2432 tum
724 2360 767 2433 ob
789 2365 960 2434 caritatem
983 2371 1051 2432 tum
1074 2361 1117 2433 ob
1136 2365 1306 2434 raritatem

177 2480 254 2549 usui
287 2477 423 2573 publico
462 2486 496 2547 et
532 2480 650 2570 majori
686 2475 873 2548 auditorum
910 2479 1092 2547 conventui
1130 2479 1162 2547 in
1198 2497 1305 2570 prae-

177 2591 378 2663 lectionibus
414 2589 616 2664 academicis
651 2593 759 2661 minus
795 2599 910 2663 essent
942 2599 1057 2684 aptae,
1100 2589 1140 2660 ad
1181 2609 1306 2660 novam

179 2703 266 2774 banc
302 2705 540 2778 collectionem
576 2703 802 2775 adornandam
837 2713 914 2774 ante
948 2702 1096 2775 sedecim
1131 2725 1236 2774 annos
1272 2710 1306 2773 et

178 2820 323 2888 animum
351 2829 385 2891 et
411 2841 528 2891 manus
556 2817 775 2890 admovimus.
826 2819 972 2891 Primam
1004 2817 1183 2888 editionem
1219 2838 1305 2909 quae

178 2955 207 3004 a.
231 2931 328 3004 1839
352 2932 486 3027 prodiit,
513 2930 662 3004 secunda
690 2942 724 3004 et
752 2936 849 3004 tertia
877 2935 972 3004 aunis
1005 2930 1100 3002 1842
1132 2939 1165 3000 et
1194 2929 1305 3016 1847,

177 3045 323 3138 denique
350 3045 401 3117 bis
429 3048 509 3140 ipsis
537 3044 655 3117 diebus
681 3044 767 3117 baec
795 3057 912 3140 quarta
940 3055 1056 3118 secuta
1083 3055 1152 3131 cst,
1187 3045 1304 3138 etqui

176 3157 329 3252 singulas
350 3161 436 3230 inter
457 3181 495 3233 se
517 3158 600 3231 velit
620 3180 831 3254 comparare,
851 3163 1057 3256 posteriores
1071 3158 1181 3230 multis
1197 3156 1303 3230 modis

177 3272 345 3369 prioribus
379 3283 552 3368 praestare
586 3296 653 3344 non
689 3275 835 3367 negabit
887 3275 998 3347 Prima
1036 3271 1137 3344 editio
1176 3282 1304 3343 textum

178 3409 340 3481 gracorum
368 3389 461 3476 (sine
488 3391 649 3459 versione
676 3386 796 3479 letina)
831 3410 851 3457 e
883 3388 1176 3481 praestantissimis
1209 3382 1303 3456 libris

177 3502 354 3593 repetitum
377 3509 410 3570 et
430 3503 556 3594 passim
576 3504 787 3593 recognitum
807 3522 884 3571 cum
903 3502 1021 3593 paucis
1036 3496 1302 3570 adnotationibus

178 3611 338 3684 exhibuit.
380 3612 537 3685 Secunda
565 3624 662 3685 aucta
691 3624 742 3685 est
763 3614 861 3686 Actis
890 3614 1041 3707 martyrii
1065 3611 1100 3681 S.
1122 3610 1243 3703 Ignatii
1270 3620 1305 3682 et

178 3723 319 3822 epistola
347 3727 516 3799 ecclesiae
543 3728 761 3823 Smyrnensis
790 3727 832 3799 de
859 3729 1021 3823 martyrio
1050 3725 1084 3796 S.
1109 3723 1303 3820 Polycarpi,

177 3848 277 3931 atque
304 3842 410 3910 textui
438 3864 565 3935 graeco
592 3841 718 3937 pluries
746 3843 922 3914 emendato
957 3838 1067 3911 addita
1101 3847 1153 3910 est
1186 3840 1301 3910 versio

175 3952 290 4039 latina,
318 3975 416 4046 quam
444 3959 477 4026 in
504 3954 624 4048 Ignatii
651 3956 792 4051 epistola
820 3956 861 4027 ad
887 3956 1060 4028 Romanos
1087 3952 1302 4043 aRuinarto,
1343 3953 1349 3963 “

176 4067 212 4134 iu
237 4063 335 4137 Actis
369 4071 521 4163 martyrii
555 4069 590 4140 S.
622 4068 743 4161 Ignatii
776 4094 796 4141 a
824 4069 959 4141 Clerico
994 4076 1028 4138 et
1052 4065 1235 4156 Ruiuarto,
1267 4069 1302 4138 iu

176 4178 319 4271 epistola
353 4179 394 4251 ad
422 4181 626 4274 Diognetum
660 4183 854 4254 aHenrico
882 4182 1071 4276 Stephano,
1106 4183 1140 4250 iu
1173 4181 1302 4254 cunctis

175 4290 315 4384 reliquis
349 4294 500 4388 epistolis
536 4294 754 4368 aCotelerio
791 4300 928 4369 mutuati
961 4318 1075 4368 sumus
1112 4304 1145 4365 et
1181 4293 1301 4364 millies

176 4403 438 4479 emendavimus.
477 4407 618 4503 Insuper
639 4410 767 4483 indices
788 4434 900 4482 rerum
923 4422 956 4482 et
978 4430 1210 4505 personarum,
1238 4427 1301 4477 nec

175 4540 242 4588 uon
271 4528 304 4588 et
323 4518 583 4613 Prolegomena,
610 4526 644 4594 in
672 4523 791 4616 quibus
819 4524 861 4594 de
881 4525 1022 4617 siugulis
1043 4524 1177 4595 Patrum
1197 4521 1301 4613 Apo-

175 4630 371 4703 stolicorum
412 4634 590 4729 operibus,
637 4659 754 4708 eorum
784 4631 876 4710 'latis
919 4649 952 4710 et
992 4636 1211 4724 editionibus,
1258 4631 1300 4703 de

176 4744 344 4815 authentia
378 4756 411 4816 et
445 4751 636 4840 integritate
671 4760 734 4821 etc.
768 4750 961 4840 disseritur,
996 4748 1097 4821 valde
1134 4750 1300 4832 auximus,

175 4856 219 4928 de
243 4846 314 4930 vita
342 4860 550 4952 singulorum
570 4864 703 4936 Patrum
731 4864 837 4936 verba
865 4864 1007 4936 lecimus
1034 4873 1068 4934 et
1093 4859 1229 4931 uberius
1257 4855 1300 4927 de

176 4971 425 5070 quaestionibus
446 4978 571 5048 criticis
591 4976 841 5074 disputavimus.
871 5023 915 5033 -
947 4977 1023 5050 Non
1042 4994 1159 5070 pamm
1178 4967 1299 5043 deiude
