3067 6450
197 1190 226 1247 a
243 1189 450 1275 rossanam]
637 1190 892 1250 anouanouuna.
931 1254 933 1259 ,
1221 1198 1327 1253 mxv

287 1353 347 1415 llll.
379 1353 541 1436 Epistulam
562 1354 709 1417 ecclesiae
725 1354 916 1437 Smymensis
936 1357 1047 1439 primus
1063 1377 1175 1441 graeca
1192 1365 1221 1421 el
1236 1359 1328 1422 laiine

196 1455 274 1539 (sed
307 1477 419 1540 graece
450 1477 510 1522 non
540 1457 704 1542 inlogram)
737 1460 829 1522 edidit
856 1462 965 1526 Pelius
988 1463 1170 1527 Hnlloioeius
1200 1465 1228 1526 in
1261 1466 1327 1527 vilis

196 1563 320 1625 Pulsum
337 1565 472 1626 orienlel.
490 1565 522 1627 Τ.
539 1563 558 1625 l.
575 1561 613 1646 ¹).
651 1565 801 1646 lnlegram
823 1573 920 1628 auiam
945 1587 1008 1629 eam
1032 1587 1109 1633 anno
1136 1566 1218 1633 1617
1242 1569 1326 1631 Lon-

197 1666 260 1730 dini
285 1687 325 1730 ex
348 1668 520 1751 Menologio
543 1685 655 1749 graeco
678 1687 747 1730 mss.
773 1669 1070 1754 Baroco.·evulgavil
1094 1675 1244 1751 Usserius‚
1267 1675 1326 1739 Pa·

194 1774 277 1835 risiis
302 1773 477 1836 Coielerius.
523 1772 654 1836 Eandem
679 1772 787 1838 deinde
810 1775 893 1837 dolis
913 1776 1222 1859 diarlyrumsinceris
1246 1780 1325 1841 lini·

195 1885 311 1940 narlus
340 1879 482 1955 inloxuil,
514 1885 544 1940 oi
566 1877 714 1940 Smilleius
738 1879 860 1943 odilioni
884 1881 957 1963 Epp.
983 1881 1086 1964 lgnaiii
1119 1890 1149 1944 et
1171 1884 1325 1967 Polycarpi

195 1982 311 2044 addidit
335 1980 426 2046 1709.
473 1983 625 2047 Smillrium
657 1990 778 2046 seculus
810 1991 856 2046 esi
885 1986 1084 2050 Gallondius.
1129 1987 1325 2050 Nouissimam

195 2094 226 2149 el
249 2087 498 2169 elegantissimam
522 2087 681 2149 odilionem
710 2086 807 2166 1838,
835 2088 971 2152 184001
999 2089 1079 2155 1847
1104 2091 1213 2155 Oxonii
1237 2092 1325 2154 evul-

194 2195 278 2276 gavit
310 2192 526 2269 Jacobsonus,
562 2194 655 2255 iribus
689 2173 873 2272 codicibuss
892 2195 1093 2274 Barocciano,
1127 2195 1261 2258 Parisino
1295 2204 1325 2259 ei

196 2297 596 2360 Caesareo-vindobonensi
620 2316 701 2360 usus.

284 2403 354 2464 vlu.
391 2402 435 2464 lle
458 2403 605 2465 doctrina
627 2402 714 2484 hujus
738 2403 883 2486 epistolae
906 2404 958 2466 cir.
974 2403 1119 2485 Lumper,
1144 2406 1210 2468 hisi.
1232 2406 1322 2470 iheol.

193 2507 258 2570 orii.
284 2507 316 2569 T.
337 2506 369 2568 ii.
393 2525 421 2587 p.
445 2504 786 2585 453-459;Μ661π,
810 2509 957 2593 Pulrolog.
983 2511 1015 2573 Τ.
1038 2512 1058 2573 l.
1083 2530 1109 2593 p.
1136 2507 1215 2588 1583
1245 2512 1321 2575 Per·

192 2612 353 2688 uuunder,
378 2611 483 2675 Peirol.
505 2612 645 2692 specialis
669 2613 701 2674 T.
726 2612 746 2675 l.
771 2632 798 2694 p.
824 2608 874 2677 69.

280 2715 330 2778 ui.
365 2715 515 2778 Addamus
539 2717 677 2796 denique,
701 2735 779 2797 quae
798 2718 927 2780 Thomas
947 2718 1096 2796 Smilirius‚
1120 2722 1202 2783 iesiis
1225 2711 1319 2787 oded-

191 2840 297 2905 πτης,
329 2820 368 2882 de
391 2821 564 2903 smyrnensi
593 2820 824 2902 amphillrealro‚
858 2841 918 2902 quo
943 2824 971 2887 S.
995 2823 1176 2906 Polycarpus
1207 2835 1320 2910 martyr
1455 2898 1460 2907 ¹

191 2927 346 3009 gloriosus
369 2926 449 3004 obiii,
474 2927 571 3006 deque
595 2926 660 3006 ejus
683 2926 824 3006 sepulcro
849 2935 967 2989 enarrat
992 2927 1036 2989 his
1058 2930 1159 2991 verbis
1175 2926 1224 3013 ²):
1251 2930 1318 3007 „An

191 3030 297 3108 latera,
321 3031 423 3111 inquil,
447 3031 568 3093 oilerius
593 3039 698 3111 porlae
716 3032 805 3109 arcis,
829 3050 906 3111 quae
922 3032 958 3093 ad
976 3030 1127 3095 Orienlem
1144 3039 1199 3112 esi,
1224 3036 1320 3098 adliuo

191 3137 332 3198 visunlur
354 3135 431 3197 duee
453 3137 579 3215 aquilae,
601 3135 803 3199 Romanorum
823 3138 959 3219 insignia,
983 3138 1181 3219 longiusculae
1197 3145 1227 3200 ei
1243 3139 1319 3201 belle

192 3242 313 3324 quidem
336 3240 509 3302 delinealao.
555 3241 629 3304 ilinc
652 3244 729 3305 inler
753 3242 1012 3319 descendendum,
1044 3244 1170 3323 amplum
1201 3243 1319 3324 amphi-

191 3346 340 3408 iheulrum
364 3346 399 3406 ad
417 3345 642 3427 Noiopeliolem
666 3365 726 3427 qno
742 3348 771 3410 S.
788 3347 969 3428 Polyclarpus
993 3347 1134 3428 martyrio
1158 3354 1319 3410 coronnlus

192 3456 256 3528 esi,
290 3450 478 3526 miravimus,
509 3449 652 3533 gradibus
682 3451 783 3511 saxeis
812 3469 828 3510 a
853 3452 958 3513 Turcis
988 3450 1026 3511 od
1057 3450 1206 3513 ornandas
1229 3451 1319 3514 aedes

192 3554 273 3617 illine
294 3541 426 3615 sublalis.
464 3554 495 3616 ln
518 3555 603 3635 cujus
626 3554 767 3615 inionibus
792 3553 868 3615 duno
889 3573 1048 3631 cavernae,
1072 3555 1179 3634 quibus
1195 3555 1318 3617 cleode-

191 3660 302 3722 banlur
323 3659 437 3737 leones,
460 3660 516 3720 sibi
532 3659 659 3720 invicem
676 3665 873 3739 opponuntur.
912 3658 1087 3740 Sepulcrum
1104 3660 1133 3721 S.
1150 3658 1317 3741 Polycarpi,

192 3764 273 3845 quod
295 3765 326 3825 in
348 3763 442 3825 lelera
465 3764 572 3825 moniis
595 3762 740 3824 adversus
757 3762 971 3825 Euronuslrum
995 3762 1090 3824 adhuc
1113 3770 1317 3844 conservatur,

190 3869 300 3933 Graeci
323 3868 372 3930 die
394 3868 490 3948 lesio,
523 3870 616 3951 ipsius
639 3869 799 3930 memoriae
828 3873 1021 3943 consecrato,
1053 3885 1235 3947 promum,
1267 3868 1317 3947 qui

191 3974 270 4056 apud
294 3974 376 4054 ipsos
400 3973 530 4048 oblinet,
563 3973 737 4036 solemniter
767 3974 906 4034 invisunt.
954 3972 1045 4036 Silum
1070 3979 1117 4032 esi
1139 3973 1167 4033 in
1192 3972 1317 4051 quadam

191 4077 336 4154 aedicula,
360 4077 506 4139 ecciesiae
524 4076 601 4140 lorle
617 4077 737 4153 sacello,
761 4078 818 4152 alii,
842 4096 897 4158 per
913 4094 1000 4156 qnam
1018 4075 1086 4136 illuc
1103 4074 1316 4137 transeundum

192 4189 248 4258 esi,
271 4183 420 4264 conligua.
459 4180 490 4242 ln
515 4180 572 4242 hoo
595 4187 786 4243 monumento
811 4179 1013 4254 instaurando,
1037 4180 1062 4240 si
1084 4180 1119 4240 ab
1138 4180 1316 4259 impressio-

192 4287 279 4348 nibus
302 4286 409 4362 aeriis,
441 4285 466 4347 si
490 4305 506 4347 a
530 4285 652 4361 Tuscis,
684 4288 709 4346 si
740 4285 953 4348 nClrrislianls
984 4283 1234 4361 occidenlalibus,
1266 4285 1316 4364 qui

192 4387 356 4470 fragmenla
380 4388 534 4450 marmoris
558 4392 643 4469 quasi
666 4396 710 4452 iol
732 4389 873 4469 reliquias
897 4386 1006 4449 exinde
1030 4385 1152 4464 loliani,
1183 4385 1316 4450 laedalnr

192 4498 431 4573 temereturque3
467 4493 620 4557 laudabilis
655 4494 769 4556 illorum
805 4492 969 4555 collooeiur
1000 4509 1111 4571 opera,
1146 4492 1204 4553 olla
1237 4492 1315 4555 liciiii

192 4613 314 4678 quoque
336 4596 393 4658 illio
416 4599 569 4678 apposila‚
602 4600 631 4660 in
655 4616 742 4679 quam
766 4598 892 4677 quisquo
917 4595 981 4657 lero
1011 4612 1083 4677 prae
1110 4597 1314 4675 veneratione,

191 4717 248 4783 pua
271 4719 347 4784 erga
368 4694 425 4763 τόν
446 4691 729 4788 Μεγαλομᾶρτυρα
751 4718 807 4783 pro
831 4699 948 4762 Cirrislo
971 4698 1079 4760 invicia
1103 4700 1191 4761 animi
1223 4719 1314 4782 prae·

225 4854 254 4921 1)
273 4852 347 4905 [luno
357 4862 455 4908 aniani
467 4856 599 4906 versiones
611 4856 738 4923 antiquas,
800 4854 829 4921 2)
849 4854 925 4905 Notis
938 4861 1003 4919 sepi.
1018 4853 1095 4904 Asiae
1109 4851 1201 4902 eccles.
1215 4867 1240 4919 p.
1255 4852 1313 4903 16⁴.

190 4953 296 5008 qurum
324 4940 406 4993 allero
435 4946 614 5013 ampli-ule
643 4944 738 5012 polius,
766 4940 826 4992 edil.
841 4937 921 4992 Oxou.
937 4938 1011 4992 1672.
1037 4940 1163 5007 lumper.
1182 4936 1314 4992 lanu

191 5040 265 5095 quam
282 5032 374 5084 maio
393 5036 440 5081 osi.
765 5043 791 5095 p.
809 5028 869 5081 461.
