3067 6450
385 1160 506 1216 iflliffll
522 1160 680 1217 snstostt
700 1160 744 1214 tto
762 1159 928 1218 nostros,
946 1161 966 1217 1.
984 1161 1016 1217 tt
1200 1168 1262 1233 199

432 1407 453 1471 i.
498 1409 597 1488 Spero
617 1426 677 1472 oos
698 1408 824 1472 uinctos
845 1409 963 1473 uidere.

229 1529 327 1594 'Com
350 1531 490 1613 precibus
512 1531 587 1593 meis
610 1531 688 1614 epod
712 1531 868 1594 Dominum
891 1533 1116 1615 impetrassem,
1142 1542 1174 1597 ut
1197 1535 1263 1600 Deo

137 1629 248 1721 dignos
270 1636 371 1699 vuitus
387 1641 505 1698 vestros
520 1652 686 1712 cernerem,
710 1631 744 1718 (²
755 1636 895 1716 quonism
911 1640 1106 1720 perseveravi
1123 1640 1264 1722 petendo,

136 1747 171 1806 ut
201 1739 230 1802 id
259 1735 463 1822 acciperem];
493 1756 572 1802 nunc
601 1740 717 1802 vinctus
748 1740 778 1801 in
801 1739 875 1803 Jesu
899 1741 1016 1805 Christo
1047 1761 1102 1806 vos
1134 1745 1264 1808 solutore

137 1864 248 1928 spero,
279 1844 425 1926 siquidem
447 1844 585 1907 voluntas
608 1844 664 1906 Dei
686 1845 740 1922 sit,
772 1839 829 1906 8ιιι
852 1845 960 1927 dignus
987 1844 1117 1926 hsbeer,
1147 1850 1197 1929 qui
1227 1850 1264 1912 ed

137 1951 226 2014 finem
249 1949 429 2031 perventum.
474 1946 566 2010 Recte
596 1949 676 2009 enim
708 1946 882 2029 dispositum
914 1956 959 2012 est
985 1952 1177 2033 principium,
1209 1951 1264 2015 ⁴si

139 2055 264 2139 gretiam
287 2070 472 2134 consequor,
504 2057 616 2114 sortem
639 2069 733 2113 meum
763 2053 829 2115 sine
857 2053 1066 2136 impedimento
1090 2057 1262 2137 accipiendi.

139 2158 271 2222 ⁵Time0
294 2159 371 2220 enim
398 2162 527 2218 vestram
558 2156 745 2234 charitatem,
778 2176 816 2219 ne
847 2176 881 2220 ee
911 2160 980 2222 mihi
1009 2167 1124 2223 nocent.
1170 2162 1263 2224 Vobis

138 2265 217 2327 enim
241 2261 327 2325 focile
349 2267 405 2339 est,
429 2259 509 2342 quod
533 2260 621 2322 vultis
644 2258 856 2345 iecereunihi
879 2280 953 2326 vero
977 2263 1096 2328 difficile
1119 2271 1174 2344 est,
1198 2266 1263 2330 Deo

137 2368 237 2450 potiri,
260 2368 363 2430 sivos
387 2365 456 2428 mitt
479 2359 634 2445 ⁶poreere
656 2365 790 2430 studetis.

410 2556 442 2619 ll.
489 2556 591 2620 Nolite
612 2576 659 2618 me
682 2557 835 2638 martyrio
859 2560 990 2639 eripere.

227 2673 331 2741 'Noto
362 2677 440 2739 enim
471 2671 555 2739 8νοε
584 2677 751 2741 homiuibus
780 2681 919 2761 plaeere,
952 2682 1005 2744 sed
1038 2681 1102 2745 Deo
1132 2683 1262 2765 placere,
1368 2702 1376 2715 ·

137 2782 384 2866 quemadmodum
408 2787 437 2844 et
459 2799 515 2844 vos
538 2784 565 2844 ei
589 2783 721 2864 placetis.
767 2783 831 2846 Nee
860 2786 937 2847 cnim
969 2803 1027 2869 ego
1052 2805 1179 2868 uuquam
1203 2788 1263 2851 tole

138 2896 254 2969 tempos
276 2887 341 2950 Deo
370 2885 503 2968 potiendi
533 2888 689 2970 ettingum3
721 2906 778 2949 nee
800 2905 873 2966 vos,
905 2889 930 2950 si
957 2890 1115 2967 silueritis,
1148 2892 1263 2953 meliori

137 2994 223 3074 operi
248 2992 369 3055 inscribi
390 2991 534 3072 poteritis.
581 2990 610 3052 Si
634 2992 711 3053 enim
736 2986 803 3053 ⁹de
830 3010 876 3054 me
898 2993 1056 3071 silueritis,
1084 2989 1183 3075 ¹⁰ego
1208 2994 1262 3057 Dei

136 3098 222 3171 fiem3
245 3097 271 3159 si
293 3101 389 3159 autern
413 3112 532 3159 curnem
555 3112 649 3157 utesm
666 3095 845 3172 amoveritis,
869 3093 967 3157 denuo
985 3097 1054 3159 mitt
1071 3098 1128 3159 erit
1155 3096 1262 3160 ¹'cur-

137 3202 272 3266 rendunt.
318 3200 417 3265 Nolite
440 3201 506 3283 pius
529 3198 596 3263 miti
620 3201 781 3282 praebere,
812 3218 898 3281 quum
922 3206 953 3262 ut
990 3197 1014 3237 ¹²
1029 3200 1164 3263 immoler
1186 3200 1261 3281 Deo,

137 3306 206 3370 dum
238 3305 333 3369 adhuc
362 3306 455 3369 altore
484 3312 617 3388 peretum
647 3312 710 3381 est;
741 3311 773 3367 ut
802 3306 830 3365 in
862 3305 1004 3367 cheritste
1027 3305 1136 3368 choros
1161 3305 1262 3368 effecti

136 3414 250 3475 eunetis
273 3411 349 3474 Petri
376 3412 405 3474 in
430 3410 548 3475 Christo
577 3410 666 3488 deso,
703 3408 727 3448 ¹³
742 3409 821 3491 quod
845 3409 926 3471 Deos
955 3410 1127 3490 episcopum
1156 3409 1261 3491 Syrius

137 3517 264 3578 inveniri
288 3514 424 3598 dignutus
449 3522 503 3594 est,
530 3515 566 3577 eb
590 3513 713 3577 Oriente
735 3515 765 3575 in
789 3514 979 3577 Occidentem
1003 3531 1070 3575 eum
1093 3531 1260 3577 arcessens.

136 3620 252 3684 Bonum
274 3627 329 3701 est,
352 3641 369 3684 s
391 3620 502 3685 mundo
525 3618 664 3683 occidere
687 3618 722 3681 sd
743 3618 848 3696 Deum,
872 3623 903 3679 ut
925 3618 954 3679 in
977 3617 1043 3697 ipso
1066 3617 1156 3680 orior.

137 3878 187 3913 uon
217 3860 336 3930 legerunt
364 3858 404 3924 poi.
440 3857 491 3911 Cir.
518 3863 684 3923 Peterssssssn
733 3858 777 3925 li)
796 3857 874 3923 Syrus
894 3864 1012 3910 etvetus
1031 3859 1152 3925 interpres
1172 3857 1260 3908 {atinus

137 3948 218 4017 ignes.
238 3949 312 4015 epist.
334 3946 408 3998 1849.
428 3961 453 4013 p.
473 3945 522 3998 138
541 3963 577 4014 sq.
712 3945 829 4014 legerunt
840 3945 923 4005 inopem
942 3940 1001 4008 ἠχώ,
1019 3950 1259 4014 (scemurensem,

171 4036 203 4101 7)
221 4034 319 4087 initium
344 4033 435 4099 cspitis
456 4033 560 4085 secundi
581 4027 620 4081 Osi
642 4028 686 4099 peip
712 4042 738 4083 ot
756 4033 882 4099 interpres
899 4031 989 4083 reddit.
1013 4028 1154 4081 Boneenius
1166 4032 1260 4081 vertite

137 4122 203 4170 θίλω
216 4156 221 4167 .
234 4156 240 4168 .
252 4116 362 4185 dedecere
380 4120 454 4171 deest
469 4121 493 4170 in
506 4117 610 4183 Syrisce
623 4136 685 4171 ver·
711 4123 738 4172 si
755 4128 865 4171 ssortesss
883 4135 965 4170 mesos
983 4118 1126 4185 inpeditis,
1147 4133 1192 4184 spo
1207 4131 1261 4168 sos

137 4211 210 4260 sione
229 4209 417 4277 minuiscunt,
443 4205 490 4257 sed
514 4207 641 4258 invenitur
661 4210 685 4258 io
711 4209 809 4273 sactis,
835 4207 884 4258 sed
908 4207 998 4257 seriis
1023 4211 1122 4255 taetram
1147 4204 1260 4271 piorisss

139 4294 243 4360 Syrisce
261 4294 379 4344 versione
396 4297 520 4362 sess-tyrii
540 4293 566 4343 S.
585 4292 684 4360 lgnstii.
713 4295 763 4345 Dei
785 4292 900 4362 pandere
922 4305 1043 4359 possum.
1083 4286 1162 4338 Multo
1181 4303 1259 4354 pree·

138 4378 190 4433 cu.
210 4383 341 4447 Cssretoss,
362 4376 437 4445 Corp.
456 4378 536 4447 lgnst.
554 4396 580 4447 p.
597 4380 656 4430 225.
712 4376 818 4428 ierends
832 4383 871 4427 est
883 4376 958 4427 lectio
971 4375 1056 4442 groeci
1069 4381 1159 4425 textus.
1190 4372 1258 4424 Sen-

171 4466 202 4534 8)
220 4465 257 4517 its
274 4463 325 4532 leg.
344 4479 402 4516 cuns
417 4463 609 4532 interpolatore,
629 4482 685 4516 curn
711 4480 753 4515 sus
773 4470 823 4514 est:
846 4464 931 4516 denus
949 4464 1015 4514 mitt
1031 4464 1082 4513 srit
1099 4462 1259 4512 crescentius·

138 4560 227 4604 sesses
239 4551 382 4618 iuterprete
400 4550 443 4603 ist.
458 4559 485 4603 et
498 4567 555 4603 cons
567 4554 685 4605 versione
712 4555 739 4603 irs
763 4554 813 4603 ios
837 4552 924 4603 studio
948 4551 1032 4612 uites,
1060 4549 1142 4613 ersp'us
1166 4554 1259 4597 ssstsss

138 4638 296 4690 Armenises.
332 4636 377 4689 tte.
395 4633 460 4701 ripis.
709 4652 792 4706 presse
809 4638 892 4705 attipi.
922 4632 975 4685 ctr.
994 4631 1075 4684 iCor.
1094 4630 1120 4694 9,
1139 4630 1180 4680 24.

173 4725 203 4791 9)
221 4724 239 4777 Ι.
259 4741 283 4792 q.
303 4726 358 4789 περὶ
378 4722 444 4782 epos.
470 4726 559 4775 Serre.
730 4723 776 4790 12)
795 4720 846 4774 Cis.
866 4720 887 4772 ΙΙ
905 4719 966 4772 Tim.
986 4720 1011 4784 d,
1030 4717 1054 4770 6.

157 4810 201 4876 to)
220 4810 299 4877 Syrus
317 4809 396 4878 legit:
422 4809 505 4872 ieopm
523 4805 590 4875 λόγος
611 4807 683 4875 Θεοῦ,
730 4808 776 4877 13)
795 4807 873 4873 Syrus
897 4805 991 4872 legisse
1014 4803 1128 4854 videtur:
1152 4797 1190 4848 ὅτι
1214 4795 1259 4847 τόν

140 4898 205 4966 quot
218 4897 360 4950 suumin
378 4896 518 4949 defendens
529 4896 619 4948 vertite
638 4913 684 4966 spo
710 4892 846 4944 ἐπίσκοπον
863 4893 1006 4955 κατηξίωσεν
1023 4887 1080 4937 sirm
1101 4889 1142 4935 roi
1161 4883 1230 4935 Osci.

140 4988 187 5040 ost
203 4988 318 5057 ,torta
336 4984 482 5054 dissipis
