3067 6450
335 1182 459 1239 tusum
475 1183 634 1238 EPISTULA
652 1183 698 1239 Al)
717 1183 912 1238 maurusios
931 1184 997 1239 xlv.
1015 1185 1067 1239 XV.
1203 1188 1265 1257 105

183 1364 216 1413 us
249 1364 324 1411 sum.
377 1346 527 1411 llemores
562 1348 659 1411 estote
694 1345 751 1408 mei
786 1346 816 1409 in
850 1346 1034 1435 orationibus
1068 1351 1195 1430 vestris,
1234 1357 1267 1414 ut

184 1470 235 1517 um
258 1469 422 1533 assequar,
452 1457 483 1514 et
505 1451 669 1529 ecclesiae,
701 1468 778 1531 quae
801 1451 830 1513 in
854 1450 940 1534 Syria
964 1458 1073 1515 est-
1103 1455 1181 1519 unde
1204 1473 1265 1518 nou

183 1576 205 1621 n
228 1557 338 1641 diguus
362 1557 481 1636 vocari,
504 1556 626 1641 indigeo
650 1556 728 1619 enim
750 1556 833 1617 unita
854 1561 955 1618 vestra
986 1556 1016 1618 in
1040 1555 1104 1621 Deo
1129 1561 1265 1623 oratione

191 1661 336 1726 charitato
360 1695 400 1709 -
424 1667 456 1724 ut
485 1660 629 1740 ecclesia,
659 1678 736 1743 quac
767 1660 905 1744 insyria
938 1667 1001 1742 est,
1031 1670 1182 1726 mereatur
1211 1682 1267 1746 per

183 1766 298 1831 alesiam
321 1772 450 1829 vestram
474 1766 606 1829 irrorari.

269 1956 345 2020 xlv.
390 1955 539 2019 Salutares
560 1973 618 2020 vos
641 1955 770 2038 presii
794 1963 824 2017 et
846 1963 967 2017 ceterae
991 1955 1150 2020 ecclcsiae.

228 2079 361 2144 Salutant
383 2096 438 2143 vos
464 2075 607 2161 ¹presii
631 2098 648 2141 e
672 2078 813 2162 Smyrna,
845 2077 925 2140 unde
947 2078 1022 2141 baec
1045 2078 1145 2142 scribo
1171 2079 1267 2159 vobis,

183 2184 390 2266 {praesentes
412 2181 521 2246 adsunt
543 2184 572 2246 in
596 2181 652 2246 Dei
675 2182 819 2265 gloriam,
849 2189 881 2246 ut
904 2189 935 2245 et
957 2200 1032 2262 vos,
1063 2184 1114 2265 qui
1139 2202 1186 2246 me
1209 2202 1267 2247 una

229 2288 394 2371 Polycarpo
424 2289 567 2371 episcopo
591 2288 823 2370 Smyrnaeorum
854 2289 883 2349 in
917 2288 1053 2351 omnibus
1084 2295 1267 2351 recrearunt.

210 2399 331 2456 ceteme
365 2392 512 2457 ecclesiae
546 2393 575 2456 in
611 2393 757 2457 honorem
792 2390 865 2454 Jesu
900 2390 1008 2454 Christi
1043 2409 1098 2455 vos
1132 2392 1267 2456 salutant.

184 2495 255 2575 lete,
278 2495 344 2558 Deo
367 2497 456 2576 uniti,
480 2496 613 2580 spiritum
636 2494 828 2581 possidentes
851 2493 1118 2586 ’inseparabilem
1145 2496 1195 2577 qui
1219 2502 1267 2559 est

183 2617 231 2664 sus
256 2598 397 2664 Christus.

587 2827 825 2841 Μ

451 2984 514 3039 ΑΙ)
556 2985 959 3043 sellularium

230 3128 380 3213 ignatius,
404 3125 484 3211 ⁴qui
508 3137 537 3193 ct
559 3130 767 3214 Theopborus,
792 3128 918 3192 dilectae
940 3148 957 3192 a
980 3130 1058 3210 Deo,
1085 3137 1169 3213 patre
1192 3130 1267 3194 Jesu

275 3234 399 3314 Gbristi,
435 3235 582 3300 ecclesiae
616 3241 755 3314 sanctae,
794 3253 872 3315 quac
906 3242 952 3298 est
985 3236 1132 3300 Trallibus
1164 3235 1266 3314 Asiae,

275 3337 388 3402 electae
422 3348 453 3403 et
484 3341 549 3404 Deo
584 3341 711 3424 dignae,
748 3358 851 3421 pacem
889 3340 1007 3404 babenti
1045 3343 1074 3404 in
1109 3359 1200 3403 carne
1239 3346 1268 3403 et

275 3447 421 3529 sanguine
446 3444 500 3509 ⁵et
521 3448 662 3529 passione
677 3445 751 3509 Jesu
768 3444 885 3525 Christi,
909 3446 974 3528 spei
990 3452 1122 3524 nostrae,
1147 3445 1267 3527 quando

273 3566 467 3634 resurgemus
498 3550 535 3615 ad
565 3570 650 3629 eum;
683 3571 770 3633 quam
799 3557 828 3613 et
857 3552 954 3614 saluto
985 3552 1015 3614 in
1045 3547 1268 3634 ‘plenitudine
1382 3614 1386 3622 ,

277 3656 306 3720 in
330 3650 518 3740 'apostolico
542 3656 725 3737 charactere,
748 3655 856 3737 cuique
878 3656 1031 3738 plurimam
1047 3661 1117 3739 opto
1133 3654 1268 3720 salutem.

300 3948 321 4011 Ι.
365 3947 452 4013 Laus
473 3961 581 4016 oestro
601 3971 661 4033 per
684 3953 845 4036 Polybium
867 3952 943 4016 mibi
965 3953 1111 4017 innotuit.

233 4071 412 4136 constanter
448 4073 626 4156 inculpatam
663 4082 693 4139 et
730 4070 987 4159 ⁸inseparabilem
1025 4076 1053 4138 in
1094 4076 1269 4139 sustinentia

184 4243 307 4298 eredenti
333 4245 458 4313 epistolae
484 4245 516 4297 ao
542 4244 691 4313 Trallianos,
754 4249 784 4317 7)
803 4248 843 4301 Uti
862 4248 902 4300 bic
919 4247 967 4301 sibl
981 4247 1141 4317 (episcopo),
1160 4247 1270 4301 itainl'rs

183 4346 217 4382 sss
237 4345 293 4381 oum
310 4331 360 4383 bns
380 4331 548 4399 epistolaoad
563 4333 691 4386 llomanos
719 4350 742 4386 c.
762 4335 787 4386 2.
815 4334 973 4404 presbyteris
1005 4351 1107 4405 quoquo
1134 4333 1271 4387 Ecclesiae

183 4425 292 4470 merens.
720 4420 861 4474 Trallianac
874 4425 1049 4475 auctoritatem
1063 4421 1188 4491 quandam
1202 4435 1269 4488 spo·
1293 4425 1299 4434 '

183 4504 206 4568 l)
225 4502 277 4556 co.
296 4521 371 4573 supra
391 4523 416 4574 p.
437 4505 494 4558 150.
514 4515 566 4560 not.
585 4507 609 4559 4.
719 4508 834 4561 stolicam
853 4508 939 4562 tribuit
955 4508 1074 4579 lgnatius.
1093 4512 1151 4560 Jac.
1172 4511 1270 4569 ltorur,

183 4591 209 4656 5)
227 4589 375 4643 lusoroxot.
394 4596 472 4644 Voss.
499 4591 607 4646 Sensus:
627 4610 692 4663 quse
721 4593 779 4648 Aul.
810 4613 835 4663 p.
855 4596 915 4648 lue.
960 4595 1026 4662 atii,
1057 4610 1081 4646 ο.
1100 4608 1126 4662 g.
1153 4591 1270 4643 Smithius

183 4692 273 4730 ornam
294 4686 393 4731 etcum
412 4677 575 4747 Deopaccm
594 4679 694 4733 obtinet
720 4685 894 4748 apostolicam
938 4683 1110 4737 salutationis
1156 4683 1271 4749 (omaso

183 4772 256 4817 reatu
274 4773 300 4816 et
317 4767 438 4833 passione
457 4764 556 4819 Christi.
721 4769 912 4839 intelligendam
932 4784 990 4821 esso
1008 4773 1103 4836 putant.

183 4850 207 4916 l)
224 4849 244 4905 1.
264 4867 288 4903 ιι.
310 4851 383 4918 cujus
402 4853 529 4906 ecclosias
547 4856 629 4908 omnia
647 4871 692 4908 ss·
755 4856 786 4924 8)
808 4852 968 4921 ἱιιῖιᾰκριιον.
1024 4851 1075 4905 cu.
1113 4867 1189 4919 supra
1227 4851 1272 4917 ep.'

183 4938 335 4991 smombrs.
360 4942 451 4991 Sume.
482 4943 511 4994 ιἰι
534 4944 695 5011 plenitudino
721 4940 802 5010 lgost·
824 4944 856 4998 sd
874 4941 971 5011 pretr
992 4940 1044 5002 t·3
1063 4946 1089 4992 θ*
1107 4937 1138 4991 ⁸¹¹
1158 4936 1270 5006 mim·

183 5029 283 5082 'sststs'o
300 5029 469 5102 apostolicos,
497 5031 610 5082 Burrus.
721 5044 743 5080 c.
766 5029 806 5082 15.
