3067 6450
349 1202 486 1255 bundas
505 1202 638 1256 PASTOR.
676 1202 773 1258 tisun
791 1204 833 1258 tlt.
868 1206 992 1261 stultit.
1011 1210 1040 1261 V.
1193 1213 1256 1279 385

129 1355 206 1443 χήν,
240 1349 363 1436 adanae
395 1348 479 1447 ὑπὲρ
509 1379 567 1425 σου
600 1353 684 1446 πρὸς
712 1369 798 1443 tuae,
829 1373 861 1429 ut
891 1367 939 1449 qui
970 1386 1010 1430 ex
1038 1387 1076 1433 eo
1100 1373 1258 1454 acceperit,

128 1455 247 1548 κύριον.
291 1454 360 1527 linia
389 1454 443 1529 οὖν
474 1460 601 1550 τελέσῃς
628 1459 684 1552 aja
711 1472 799 1533 satiet
821 1473 946 1534 animam
969 1492 1068 1553 suam,
1100 1482 1129 1537 et
1151 1495 1206 1557 pre
1229 1484 1283 1541 te·

129 1564 289 1652 νηστείαν,
321 1563 364 1643 ὠς
396 1566 592 1656 ἐνετειλάμην
619 1590 683 1646 σοι,
712 1573 1259 1662 adeatDominumDeumoralioejus.

130 1666 225 1765 ε”σται
245 1664 265 1758 ἡ
287 1670 388 1738 ovete
409 1696 467 1740 σου
490 1670 584 1762 dcxcv}
608 1667 682 1740 ἑνώ-
711 1680 741 1742 Si
761 1681 852 1760 igitur
872 1683 916 1743 sic
937 1686 1190 1748 consummaveris
1205 1688 1260 1769 je·
1344 1721 1353 1739 .

130 1797 209 1842 πιον
230 1774 355 1864 κυρίου,
378 1777 431 1843 καὶ
453 1776 683 1868 ἐνγεγραμμένη
707 1785 823 1865 junium
868 1791 967 1866 tuum,
1013 1789 1260 1868 quemadmodum

130 1877 163 1946 ἐν
186 1884 255 1956 τοῖς
278 1875 428 1971 οὐρανοῖς,
453 1881 483 1949 ἐν
504 1876 606 1973 ἡμέρᾳ
626 1892 684 1970 τῆς
711 1890 863 1969 praecipio
897 1891 965 1968 tibi,
999 1894 1055 1953 crit
1084 1892 1179 1955 bestia
1211 1903 1261 1958 tue

130 1982 380 2064 α’νιαποδὸσεως
402 1989 466 2052 τῶν
489 1980 682 2074 ἡτοιμασμέ-
711 1999 832 2074 accepta
866 1995 1012 2074 Domino,
1048 2003 1079 2058 et
1112 1999 1261 2062 scribetur

130 2113 191 2153 νων
212 2087 346 2176 ἀγαθῶν
367 2095 434 2167 τοῖς
456 2090 599 2168 δικαίοις.
711 2098 769 2160 boc
789 2099 936 2180 jeJunium
961 2106 1051 2162 tuum.

131 2198 216 2260 llaec
238 2198 326 2261 statie
350 2199 394 2262 sic
416 2207 481 2264 acta
505 2209 552 2264 est
576 2202 663 2280 bona,
687 2201 787 2263 hilaris
812 2208 842 2264 et
860 2211 981 2286 accepta
997 2205 1134 2268 Domino.
1180 2207 1261 2269 Haec

132 2311 164 2366 tu
188 2305 214 2366 si
237 2306 408 2368 servaveris
431 2326 497 2369 cum
521 2307 623 2369 liberis
648 2308 705 2370 tuis
736 2314 766 2369 et
797 2311 860 2369 toto
892 2307 981 2371 domo
1009 2316 1075 2388 tua,
1106 2311 1261 2374 custoditis

133 2409 196 2486 bis,
220 2408 292 2471 felix
316 2410 386 2472 eris.
431 2411 467 2473 Et
490 2413 669 2492 quicumque
692 2411 767 2472 baec
790 2411 889 2473 audita
916 2412 1125 2493 custodierint,
1157 2413 1260 2477 ielices
1321 2470 1327 2480 .

134 2519 240 2589 erunt;
265 2522 295 2576 et
317 2514 458 2596 quidquid
482 2518 620 2598 petierint
643 2535 660 2579 a
683 2515 821 2592 Domino,
848 2515 1050 2578 obtinebunt.“

224 2618 269 2680 lV.
307 2618 344 2681 Et
366 2627 503 2701 precatus
528 2639 591 2684 sum
617 2640 695 2700 eum,
719 2627 750 2683 ut
773 2620 841 2681 mibi
865 2620 1040 2702 explanaret
1059 2623 1136 2687 banc
1155 2626 1261 2688 simili-

134 2721 269 2785 tudinem
291 2722 328 2787 de
352 2725 443 2788 londo
467 2732 497 2788 et
521 2725 651 2806 domino,
675 2746 710 2788 ac
726 2727 813 2788 vinea
830 2732 860 2787 et
875 2743 975 2805 servo,
1001 2729 1051 2807 qui
1072 2727 1263 2810 depalaverat

135 2829 269 2909 vineam,
293 2836 323 2893 et
347 2830 461 2909 herbis,
493 2849 571 2912 quae
595 2837 747 2894 extractae
772 2830 810 2892 da
834 2831 920 2892 vinea
944 2837 1045 2911 erant,
1077 2839 1106 2894 et
1132 2834 1169 2897 de
1193 2836 1263 2915 filio,

134 2940 164 2995 et
187 2933 227 2996 de
249 2935 359 3014 amicis,
383 2955 459 3016 quos
482 2937 511 2999 in
535 2937 661 2998 consilio
685 2935 868 2997 adhibuerat.
913 2935 1048 2998 intellexi
1072 2939 1165 3022 enim,
1193 2956 1263 3000 esse

134 3037 205 3100 illud
239 3040 464 3104 similitudinem.
510 3041 559 3104 Ait
593 3040 678 3102 mibi:
716 3039 859 3119 ¹,valde
893 3040 991 3103 audax
1025 3060 1058 3103 es
1092 3042 1128 3103 ad
1165 3044 1262 3105 inter-

135 3141 312 3227 rogandum.
362 3144 439 3207 Nibil
471 3146 549 3207 enim
580 3144 672 3207 debes
704 3144 894 3228 interrogare
904 3166 913 3220 ς
945 3165 1011 3208 nam
1039 3147 1065 3207 si
1097 3147 1263 3227 oportuerit

136 3246 346 3327 demonstrari,
369 3251 618 3315 demonstrabitur
635 3250 715 3313 tibi.“
762 3250 838 3313 Dico
854 3252 898 3313 ei:
923 3249 1071 3330 ,domine
1095 3269 1261 3332 quaecum-

137 3372 196 3434 que
222 3355 389 3417 ostenderis
412 3357 499 3435 mihi,
530 3374 586 3419 nec
616 3355 837 3433 declaraveris,
868 3354 976 3417 frustra
1006 3354 1110 3418 videro
1141 3355 1205 3434 illa,
1235 3356 1262 3418 si

136 3476 198 3521 non
223 3459 416 3541 intellexero,
449 3460 587 3542 quidnam
611 3459 686 3534 sint;
717 3466 748 3522 et
779 3458 1002 3538 similitudines,
1035 3460 1061 3522 si
1088 3478 1162 3541 quas
1185 3479 1262 3542 pro·

136 3561 277 3642 posueris
307 3571 338 3626 et
366 3583 427 3627 non
459 3563 655 3645 exposueris,
686 3563 795 3626 frustra
818 3564 942 3626 audiere
971 3564 1053 3626 eas.“
1098 3564 1263 3646 Respondit

136 3666 206 3728 mibi
231 3685 335 3730 rursus
359 3668 480 3732 dicens:
513 3670 718 3750 ,quicumque
741 3667 797 3730 Dei
820 3684 927 3731 servus
954 3678 1015 3747 est,
1045 3668 1262 3750 bominumque

136 3768 229 3832 babet
250 3772 280 3833 in
303 3774 487 3853 praecordiis
510 3774 582 3851 suis,
606 3774 678 3854 petit
696 3773 733 3835 ab
758 3790 796 3835 eo
817 3772 1007 3851 intellectum,
1030 3778 1059 3835 et
1080 3772 1193 3834 obtinet
1200 3794 1209 3848 ς
1233 3778 1264 3834 et

138 3892 258 3964 omnem
280 3877 496 3941 similitudinem
521 3877 667 3959 explicat,
700 3882 729 3939 et
751 3876 887 3958 intelligit
913 3878 1004 3939 verba
1027 3876 1163 3955 Domini,
1186 3892 1263 3956 quae

138 3980 332 4063 inquisitione
362 3988 460 4065 egent.
506 3982 691 4063 Quicumque
720 4000 796 4044 vero
825 3982 936 4043 inertes
961 3985 1030 4042 sunt
1060 3985 1091 4041 et
1120 3980 1197 4061 pigri
1226 3977 1264 4041 ad

138 4084 294 4163 orandum,
316 4084 357 4147 ilii
380 4085 511 4149 dubitant
535 4094 640 4167 petere
662 4104 679 4148 a
702 4086 846 4161 Domino;
870 4104 959 4165 quum
982 4086 1020 4145 sit
1041 4082 1184 4146 Dominus
1207 4089 1264 4146 tam

139 4187 307 4271 profundae
329 4189 477 4269 bonitatis,
500 4196 531 4251 ut
553 4190 721 4271 petentibus
744 4208 760 4251 a
782 4207 816 4250 se
836 4193 940 4249 cuncta
959 4186 1024 4247 sine
1044 4186 1266 4251 intermissione

139 4294 258 4355 tribuat.
304 4292 349 4355 'lu
371 4312 457 4376 ergo,
480 4296 531 4375 qui
553 4294 741 4359 consumatus
765 4309 799 4353 es
821 4292 856 4352 ab
881 4287 956 4353 ²illo
973 4291 1137 4353 venerabili
1153 4293 1266 4371 nuntio,

140 4403 171 4459 et
192 4397 336 4477 accepisti
359 4400 523 4462 orationem
547 4406 605 4461 tam
629 4403 799 4479 potentem,
823 4412 912 4474 quum
935 4395 1022 4476 piger
1044 4412 1105 4458 non
1128 4397 1188 4474 sis,
1212 4412 1267 4458 cur

131 4501 199 4586 jam
226 4518 244 4561 a
271 4501 399 4564 Domino
430 4502 608 4566 intellectum
636 4521 697 4565 nnn
727 4501 822 4581 petis,
855 4506 885 4560 et
914 4499 1069 4580 accipis?“
1116 4500 1188 4560 Dico
1220 4497 1266 4559 ei:

144 4623 255 4686 ,mum
278 4613 308 4668 te
331 4615 519 4687 praesentem
542 4607 682 4686 babeam,
713 4622 842 4668 neeesse
865 4611 929 4683 est,
958 4611 989 4666 ut
1012 4621 1029 4664 a
1053 4610 1082 4665 te
1105 4606 1212 4683 petam,
1237 4605 1268 4661 et

142 4710 346 4794 interrogem
377 4717 408 4773 tu
437 4714 515 4775 enim
545 4712 642 4776 omnia
672 4711 741 4774 mibi
774 4709 907 4773 ostendis
938 4715 969 4770 et
994 4705 1144 4786 loqueris,
1177 4721 1267 4783 quum
1342 4753 1349 4768 .

179 4866 209 4933 1)
227 4865 308 4933 Supra
321 4880 423 4933 quoque
435 4866 469 4918 ob
481 4867 692 4934 interrogationes
753 4867 782 4930 2)
806 4866 965 4919 Venerabilis
988 4862 1100 4912 nuntios
1124 4865 1163 4910 est
1185 4858 1267 4910 Obri-

145 4967 204 5005 mac
215 4954 372 5020 vituperatus
385 4960 425 5004 est
435 4950 539 5004 llermas
549 4953 601 5004 Vis.
611 4951 656 5020 ill,
667 4954 691 5005 3.
720 4963 796 5017 etue,
816 4953 858 5018 qui
876 4950 1004 5004 Pastorem
1017 4945 1048 4996 ad
1063 4944 1179 4997 Hermam
1193 4944 1268 4996 misit.

146 5054 171 5106 p.
190 5037 250 5091 333.
720 5036 772 5089 Clr.
792 5051 868 5105 supra
886 5052 910 5103 p.
929 5032 988 5085 345.
1008 5039 1061 5083 not.
1081 5032 1105 5084 4.

198 5142 266 5184 rrae
278 5147 343 5195 ιμιι.
358 5141 396 5184 rr.
412 5141 446 5183 iv.
1019 5119 1062 5188 25
