3067 6450
292 1195 362 1260 426.
501 1186 640 1243 HERMAE
658 1184 796 1240 Pnsroo.
832 1184 929 1240 clean
947 1185 990 1244 iii.
1025 1185 1151 1240 simun.
1172 1185 1214 1241 tx.

293 1354 442 1436 virginum
464 1349 569 1412 harum
592 1365 657 1411 cum
681 1348 747 1430 ejus
771 1348 891 1411 nornine
920 1345 1066 1410 ferebant
1111 1346 1246 1430 Ideoque
1276 1355 1410 1412 structura

182 1467 196 1481 ·
294 1458 382 1519 turris
414 1455 502 1536 hujus
534 1454 679 1516 concolor
710 1451 884 1531 videbatur,
919 1461 948 1515 et
980 1452 1114 1536 fulgebat
1145 1472 1244 1535 usque
1280 1454 1317 1518 ad
1353 1456 1412 1517 soiis

294 1561 463 1624 claritatem.
516 1559 556 1622 At
586 1577 678 1637 vero,
714 1564 870 1639 postquam
904 1558 943 1618 ita
977 1564 1154 1638 senserunt,
1191 1578 1284 1621 unum
1316 1577 1413 1640 corpus

294 1682 398 1727 eorum
431 1665 531 1746 coepit
560 1680 630 1725 esse
663 1663 802 1725 omnium.
855 1660 979 1737 Quidam
1010 1669 1107 1724 tannen
1140 1681 1182 1724 ex
1216 1664 1262 1726 eis
1293 1664 1414 1726 macula-

292 1774 401 1831 verunt
431 1787 482 1847 se,
519 1774 548 1830 et
580 1768 706 1850 projecti
738 1772 807 1829 sunt
839 1766 877 1828 de
908 1784 1022 1851 genere
1052 1769 1222 1849 justorum,
1259 1775 1291 1830 et
1322 1770 1415 1831 iterun

293 1873 447 1937 redierunt
470 1873 507 1935 ad
529 1879 636 1936 statum
656 1872 821 1954 pristinum,
844 1878 933 1951 atque
950 1872 1035 1935 etiam
1053 1872 1223 1936 deteriores
1239 1892 1331 1955 quam
1347 1875 1415 1955 prius

293 1981 483 2042 evaseruni.“

380 2084 479 2148 xviii.
527 2082 767 2162 1,Ωιιοηῑοάοβ
800 2084 936 2165 inquam,
968 2081 1124 2162 „domine‚
1154 2081 1347 2161 deteriores,
1375 2083 1415 2163 qui

294 2196 505 2273 cognoverunt
527 2189 730 2251 Donninum?“
776 2188 813 2251 Et
836 2188 925 2249 dixit:
953 2188 998 2267 „is
1021 2186 1158 2268 quidern,
1183 2188 1235 2267 qui
1260 2205 1323 2250 non
1347 2189 1416 2250 novit

293 2295 463 2373 Dominum,
485 2295 511 2357 si
535 2293 673 2374 nequiter
695 2293 786 2372 vivit‚'
805 2299 904 2355 nranet
927 2292 957 2354 in
980 2309 1019 2354 eo
1043 2292 1195 2372 nequitiae
1218 2308 1297 2353 suae
1320 2310 1413 2373 poena.

294 2400 332 2463 At
360 2401 411 2481 qui
439 2401 522 2462 novit
545 2398 719 2478 Dominum,
753 2399 873 2462 omnino
904 2399 1056 2462 abstinere
1085 2415 1121 2460 se
1153 2396 1247 2458 debet
1279 2399 1317 2460 ab
1348 2398 1414 2459 omni

293 2506 436 2586 nequitia,
460 2511 490 2565 et
513 2504 607 2585 rnagis
631 2504 785 2584 magisque
809 2504 925 2567 servire
951 2502 1081 2566 bonitati.
1127 2501 1238 2564 Nonne
1268 2520 1345 2585 ergo
1365 2503 1414 2579 ilie,

294 2610 345 2689 qui
369 2609 530 2670 bonitatem
545 2608 641 2707 ,sequi
665 2606 803 2686 debebat,
826 2609 851 2671 si
875 2608 1025 2690 nequitiae
1048 2605 1200 2687 praeierat
1219 2615 1337 2688 partes,
1358 2607 1413 2689 pius

294 2731 422 2793 peccare
445 2711 580 2789 uidetur,
611 2730 696 2792 quarn
721 2714 761 2791 is,
794 2714 844 2793 qui
867 2713 988 2793 deliquit
1010 2711 1153 2793 ignorans
1177 2710 1237 2772 liei
1260 2711 1413 2774 virtutem?

293 2816 424 2896 ideoque
448 2815 477 2877 hi
501 2815 618 2896 quidem
642 2817 730 2877 rnorti
754 2817 891 2880 destinati
914 2825 999 2893 sunt;
1023 2824 1141 2879 atvero
1161 2815 1203 2894 hi,
1227 2818 1281 2897 qui
1305 2834 1413 2899 cogno·

295 2927 403 2985 verunt
419 2920 585 2998 Dominum,
608 2927 697 3000 atque
721 2923 788 3003 eJus
804 2923 947 2987 mirabilia
963 2939 1056 3004 opera
1071 2920 1221 3000 viderunt,
1245 2923 1273 2984 si
1289 2923 1414 3003 nequiter

294 3027 414 3104 vivunt,
446 3025 534 3106 dupio
558 3026 681 3106 anplius
705 3028 881 3106 punientur,
913 3033 942 3090 ei
972 3027 1028 3108 ipsi
1059 3027 1224 3089 morientur
1253 3027 1284 3088 in
1311 3044 1413 3088 aerum.

296 3130 376 3195 Sicut
401 3147 476 3212 ergo
500 3129 617 3208 vidisti,
645 3137 802 3210 postquam
831 3129 943 3213 ¹ejecti
965 3136 1034 3193 sunt
1057 3130 1171 3210 lapides
1195 3130 1233 3193 de
1258 3132 1349 3208 turri,
1370 3131 1412 3210 qui

293 3236 446 3317 reprobati
471 3241 564 3313 erant,
586 3235 684 3297 traditi
706 3242 776 3297 sunt
798 3232 974 3318 ²spiritibus
997 3236 1177 3318 perniciosis
1197 3242 1291 3317 atque
1307 3237 1411 3310 saeris3

294 3342 385 3403 etita
408 3339 590 3421 purificatam
622 3340 723 3401 turrirn
755 3340 869 3419 vidisti,
901 3346 931 3402 ut
962 3340 1137 3403 crederetur
1166 3358 1207 3402 ex
1233 3358 1297 3403 uno
1326 3340 1412 3422 lapide

295 3461 363 3507 esse
387 3450 463 3519 tota;
487 3445 525 3506 ita
549 3450 578 3505 et
601 3443 729 3505 ecclesia
752 3443 817 3522 Dei,
840 3462 929 3525 quum
952 3444 1104 3527 purificata
1128 3441 1227 3522 suerit,
1254 3445 1359 3526 ejectis
1380 3462 1411 3504 ex

294 3567 331 3611 ea
354 3549 436 3610 maiis
460 3556 549 3629 atquc
572 3547 656 3628 fictis,
679 3548 816 3611 scelestis
840 3556 871 3611 ot
892 3548 998 3627 dubiis,
1023 3556 1053 3609 ot
1076 3548 1260 3628 quicumque
1285 3549 1411 3630 nequiter

294 3654 324 3715 in
347 3670 383 3715 ea
405 3671 441 3715 se
463 3661 639 3736 gesserunt,
670 3672 705 3716 ao
735 3654 826 3714 variis
855 3650 1004 3734 nequitiae
1031 3659 1223 3734 peccatorum
1246 3654 1411 3735 generibus,

295 3758 352 3820 erit
375 3752 489 3820 ³unum
506 3775 615 3837 corpus
632 3758 707 3839 ejus,
731 3774 808 3819 unus
824 3757 1001 3835 intellectus,
1024 3773 1101 3819 unus
1122 3773 1243 3835 sensus,
1269 3777 1329 3821 una
1348 3756 1410 3819 iides

295 3862 460 3941 eademque
485 3860 630 3937 charitas3
662 3868 692 3923 et
715 3868 785 3924 tunc
807 3861 898 3924 Filius
922 3863 977 3924 [tei
999 3862 1153 3924 laetabitur
1180 3862 1260 3924 inter
1285 3864 1367 3940 illos,
1387 3867 1412 3921 et

293 3966 421 4046 recipiet
454 3964 605 4027 voluntate
639 3984 711 4045 pura
745 3967 886 4047 populurn
918 3967 1033 4029 suurn.“
1080 3965 1121 4028 Et'
1148 3964 1229 4027 dixi:
1272 3966 1411 4047 „domine

294 4068 452 4152 magnifice
475 4074 504 4130 et
527 4068 690 4131 honorifice
713 4087 747 4131 se
771 4071 881 4132 habent
903 4077 1016 4133 cuncta.
1058 4071 1144 4133 Nunc
1159 4071 1231 4132 mihi
1249 4069 1411 4135 demonstra

295 4173 432 4238 effectum
456 4179 485 4235 et
507 4175 565 4235 viru
581 4175 816 4257 uniuscujusque
831 4176 950 4254 montis,
973 4182 1005 4238 ut
1020 4176 1115 4238 omnis
1130 4175 1228 4236 anirna
1246 4176 1277 4237 in
1294 4176 1410 4240 Domino

295 4279 390 4343 fidens
413 4277 518 4341 auditis
539 4278 584 4340 his
608 4277 734 4341 honoret
756 4297 894 4363 magnum
910 4298 946 4343 ac
961 4281 1092 4343 nrirabiie
1109 4286 1138 4342 et
1156 4288 1297 4344 sanctum
1314 4297 1410 4345 nornen

296 4385 392 4472 ejus.“
439 4383 575 4464 „nudi‚“
609 4384 718 4463 inquit,
751 4386 940 4463 „varietatem
974 4384 1080 4447 horum
1108 4386 1272 4466 montium,
1308 4385 1338 4448 id
1365 4390 1412 4460 est,

297 4491 453 4560 duodecim
477 4489 639 4571 gentium.“

385 4597 460 4662 XiX.
497 4595 560 4677 „De
575 4594 670 4678 prinro
687 4600 787 4657 rnonte
804 4594 907 4676 nigro:
931 4589 1006 4674 ⁴qui
1021 4590 1226 4673 crediderunt,
1248 4593 1412 4676 transfugae

337 4778 365 4841 1]
385 4773 435 4826 Cir.
454 4786 528 4839 supro
548 4785 570 4821 c.
588 4771 613 4826 6.
872 4774 929 4834 post
959 4766 1159 4834 purificationem
1190 4767 1263 4834 ejus,
1302 4769 1410 4837 loquitur.

336 4865 366 4933 2)
385 4861 435 4916 cn.
455 4875 529 4927 sopra
550 4874 572 4909 c.
590 4857 614 4908 9.
634 4873 660 4925 p.
675 4854 734 4908 417.
753 4862 805 4907 not.
818 4854 845 4921 2,
872 4853 922 4906 cn.
943 4859 1038 4922 itotte,
1059 4853 1117 4906 Ant.
1137 4869 1162 4921 p.
1184 4853 1246 4907 596.

299 4955 330 4999 et
348 4966 371 5003 o.
391 4949 432 5000 15.
906 4942 934 5004 i)
959 4940 977 4991 1.
996 4956 1019 4992 e.
1046 4956 1118 4992 mons
1148 4940 1190 4992 iiic
1216 4956 1263 4993 eos
1290 4942 1411 5012 signifieat,

339 5036 367 5100 3)
393 5035 498 5090 Hermas
524 5031 556 5083 de
584 5032 680 5084 unitate
709 5027 914 5095 ecclosiauqui
940 5026 1116 5093 crediderunt,
1148 5028 1194 5080 sed
1226 5038 1320 5097 postea
1347 5029 1412 5080 Meu

157 5147 487 5293 A
