<?xml version="1.0" encoding="UTF-8"?>
<!DOCTYPE html PUBLIC "-//W3C//DTD XHTML 1.0 Transitional//EN"
    "http://www.w3.org/TR/xhtml1/DTD/xhtml1-transitional.dtd">
<html xmlns="http://www.w3.org/1999/xhtml" xml:lang="en" lang="en">
 <head>
  <title>
</title>
<meta http-equiv="Content-Type" content="text/html;charset=utf-8" />
  <meta name='ocr-system' content='tesseract 3.04.00' />
  <meta name='ocr-capabilities' content='ocr_page ocr_carea ocr_par ocr_line ocrx_word'/>
</head>
<body>
  <div class='ocr_page' id='page_1' title='image "./patrumapostolic01hefegoog_0248.png"; bbox 0 0 3067 6450; ppageno 0'>
   <div class='ocr_carea' id='block_1_1' title="bbox 526 1183 1455 1260">
    <p class='ocr_par' dir='ltr' id='par_1_1' title="bbox 526 1183 1455 1260">
     <span class='ocr_line' id='line_1_1' title="bbox 526 1183 1455 1260; baseline 0.019 -18"><span class='ocrx_word' id='word_1_1' title='bbox 526 1183 1014 1243; x_wconf 77' lang='lat' dir='ltr'>ummmrsttoconum</span> <span class='ocrx_word' id='word_1_2' title='bbox 1272 1192 1334 1260; x_wconf 81' lang='lat'>12³</span> <span class='ocrx_word' id='word_1_3' title='bbox 1450 1190 1455 1198; x_wconf 84' lang='grc'><strong>’</strong></span> 
     </span>
    </p>
   </div>
   <div class='ocr_carea' id='block_1_2' title="bbox 202 1339 1335 2982">
    <p class='ocr_par' dir='ltr' id='par_1_2' title="bbox 202 1339 1335 2982">
     <span class='ocr_line' id='line_1_2' title="bbox 204 1339 1335 1432; baseline -0.001 -17"><span class='ocrx_word' id='word_1_4' title='bbox 204 1350 337 1416; x_wconf 88' lang='lat' dir='ltr'>Oremns</span> <span class='ocrx_word' id='word_1_5' title='bbox 362 1348 454 1432; x_wconf 75' lang='lat' dir='ltr'>igitur</span> <span class='ocrx_word' id='word_1_6' title='bbox 475 1354 506 1410; x_wconf 91' lang='lat' dir='ltr'>et</span> <span class='ocrx_word' id='word_1_7' title='bbox 528 1353 662 1430; x_wconf 91' lang='lat' dir='ltr'>petamus</span> <span class='ocrx_word' id='word_1_8' title='bbox 689 1339 842 1412; x_wconf 73' lang='lat' dir='ltr'>&#39;auidius</span> <span class='ocrx_word' id='word_1_9' title='bbox 858 1349 1072 1429; x_wconf 85' lang='lat' dir='ltr'>misericordia,</span> <span class='ocrx_word' id='word_1_10' title='bbox 1095 1356 1127 1414; x_wconf 90' lang='lat' dir='ltr'>ut</span> <span class='ocrx_word' id='word_1_11' title='bbox 1146 1350 1175 1414; x_wconf 94' lang='lat' dir='ltr'>in</span> <span class='ocrx_word' id='word_1_12' title='bbox 1192 1350 1335 1415; x_wconf 82' lang='lat' dir='ltr'>charitate</span> 
     </span>
     <span class='ocr_line' id='line_1_3' title="bbox 202 1452 1334 1539; baseline 0 -20"><span class='ocrx_word' id='word_1_13' title='bbox 202 1457 356 1533; x_wconf 80' lang='lat' dir='ltr'>vivamus,</span> <span class='ocrx_word' id='word_1_14' title='bbox 377 1455 444 1516; x_wconf 91' lang='lat' dir='ltr'>sine</span> <span class='ocrx_word' id='word_1_15' title='bbox 466 1453 671 1535; x_wconf 83' lang='lat' dir='ltr'><strong>propensione</strong></span> <span class='ocrx_word' id='word_1_16' title='bbox 695 1452 793 1534; x_wconf 83' lang='lat' dir='ltr'>aliqua</span> <span class='ocrx_word' id='word_1_17' title='bbox 809 1452 944 1533; x_wconf 87' lang='lat' dir='ltr'>humana,</span> <span class='ocrx_word' id='word_1_18' title='bbox 968 1461 997 1516; x_wconf 91' lang='lat' dir='ltr'>ct</span> <span class='ocrx_word' id='word_1_19' title='bbox 1016 1457 1163 1539; x_wconf 88' lang='lat' dir='ltr'>inculpati.</span> <span class='ocrx_word' id='word_1_20' title='bbox 1202 1453 1334 1519; x_wconf 81' lang='lat' dir='ltr'>²Gene-</span> 
     </span>
     <span class='ocr_line' id='line_1_4' title="bbox 202 1554 1333 1643; baseline 0.001 -20"><span class='ocrx_word' id='word_1_21' title='bbox 202 1562 341 1624; x_wconf 90' lang='lat' dir='ltr'>rationes</span> <span class='ocrx_word' id='word_1_22' title='bbox 358 1576 462 1622; x_wconf 90' lang='lat' dir='ltr'>omnes</span> <span class='ocrx_word' id='word_1_23' title='bbox 478 1554 539 1621; x_wconf 76' lang='lat' dir='ltr'>³ab</span> <span class='ocrx_word' id='word_1_24' title='bbox 553 1556 647 1621; x_wconf 79' lang='lat' dir='ltr'>Adam</span> <span class='ocrx_word' id='word_1_25' title='bbox 662 1574 758 1640; x_wconf 83' lang='lat' dir='ltr'>usque</span> <span class='ocrx_word' id='word_1_26' title='bbox 774 1558 803 1620; x_wconf 93' lang='lat' dir='ltr'>in</span> <span class='ocrx_word' id='word_1_27' title='bbox 816 1557 993 1622; x_wconf 88' lang='lat' dir='ltr'>hodiernum</span> <span class='ocrx_word' id='word_1_28' title='bbox 1007 1560 1084 1623; x_wconf 91' lang='lat' dir='ltr'>diem</span> <span class='ocrx_word' id='word_1_29' title='bbox 1098 1564 1315 1643; x_wconf 89' lang='lat' dir='ltr'>praeterierunt</span> <span class='ocrx_word' id='word_1_30' title='bbox 1323 1583 1333 1638; x_wconf 88' lang='lat'>;</span> 
     </span>
     <span class='ocr_line' id='line_1_5' title="bbox 203 1660 1333 1746; baseline 0.004 -20"><span class='ocrx_word' id='word_1_31' title='bbox 203 1665 254 1746; x_wconf 87' lang='lat' dir='ltr'>qui</span> <span class='ocrx_word' id='word_1_32' title='bbox 278 1680 356 1727; x_wconf 84' lang='lat' dir='ltr'>vero</span> <span class='ocrx_word' id='word_1_33' title='bbox 380 1680 436 1743; x_wconf 91' lang='lat' dir='ltr'>per</span> <span class='ocrx_word' id='word_1_34' title='bbox 459 1662 514 1724; x_wconf 88' lang='lat' dir='ltr'>Dei</span> <span class='ocrx_word' id='word_1_35' title='bbox 536 1661 660 1744; x_wconf 74' lang='lat' dir='ltr'>gratiam</span> <span class='ocrx_word' id='word_1_36' title='bbox 683 1662 712 1723; x_wconf 93' lang='lat' dir='ltr'>in</span> <span class='ocrx_word' id='word_1_37' title='bbox 736 1660 878 1724; x_wconf 76' lang='lat' dir='ltr'>charitate</span> <span class='ocrx_word' id='word_1_38' title='bbox 902 1671 972 1726; x_wconf 89' lang='lat' dir='ltr'>sunt</span> <span class='ocrx_word' id='word_1_39' title='bbox 994 1667 1205 1744; x_wconf 84' lang='lat' dir='ltr'>consummati,</span> <span class='ocrx_word' id='word_1_40' title='bbox 1235 1667 1333 1730; x_wconf 89' lang='lat' dir='ltr'>locum</span> 
     </span>
     <span class='ocr_line' id='line_1_6' title="bbox 202 1764 1333 1852; baseline 0.002 -21"><span class='ocrx_word' id='word_1_41' title='bbox 202 1771 324 1852; x_wconf 92' lang='lat' dir='ltr'>piorum</span> <span class='ocrx_word' id='word_1_42' title='bbox 349 1767 493 1846; x_wconf 85' lang='lat' dir='ltr'>obtinent,</span> <span class='ocrx_word' id='word_1_43' title='bbox 517 1766 593 1828; x_wconf 93' lang='lat' dir='ltr'>etin</span> <span class='ocrx_word' id='word_1_44' title='bbox 610 1764 780 1828; x_wconf 84' lang='lat' dir='ltr'>visitatione</span> <span class='ocrx_word' id='word_1_45' title='bbox 801 1768 889 1849; x_wconf 81' lang='lat' dir='ltr'>regni</span> <span class='ocrx_word' id='word_1_46' title='bbox 905 1766 1012 1830; x_wconf 86' lang='lat' dir='ltr'>Christi</span> <span class='ocrx_word' id='word_1_47' title='bbox 1035 1764 1333 1833; x_wconf 71' lang='lat' dir='ltr'>*manifestabuntur</span> 
     </span>
     <span class='ocr_line' id='line_1_7' title="bbox 203 1867 1335 1955; baseline -0.002 -16"><span class='ocrx_word' id='word_1_48' title='bbox 203 1874 355 1955; x_wconf 76' lang='lat' dir='ltr'>Scriptum</span> <span class='ocrx_word' id='word_1_49' title='bbox 378 1872 456 1934; x_wconf 91' lang='lat' dir='ltr'>enim</span> <span class='ocrx_word' id='word_1_50' title='bbox 480 1876 544 1934; x_wconf 88' lang='lat' dir='ltr'>est:</span> <span class='ocrx_word' id='word_1_51' title='bbox 573 1867 765 1950; x_wconf 58' lang='grc' dir='ltr'>’ἐπῃτιάσω</span> <span class='ocrx_word' id='word_1_52' title='bbox 788 1869 822 1930; x_wconf 80' lang='lat' dir='ltr'>iu</span> <span class='ocrx_word' id='word_1_53' title='bbox 846 1869 991 1932; x_wconf 83' lang='lat' dir='ltr'>cubicula</span> <span class='ocrx_word' id='word_1_54' title='bbox 1011 1873 1181 1950; x_wconf 84' lang='lat' dir='ltr'>paululum·</span> <span class='ocrx_word' id='word_1_55' title='bbox 1202 1870 1335 1954; x_wconf 80' lang='lat' dir='ltr'>⁶quou-</span> 
     </span>
     <span class='ocr_line' id='line_1_8' title="bbox 203 1960 1334 2057; baseline 0.001 -17"><span class='ocrx_word' id='word_1_56' title='bbox 203 1978 444 2057; x_wconf 79' lang='lat' dir='ltr'>tulumcunque,</span> <span class='ocrx_word' id='word_1_57' title='bbox 477 1976 576 2039; x_wconf 87' lang='lat' dir='ltr'>donec</span> <span class='ocrx_word' id='word_1_58' title='bbox 597 1975 648 2035; x_wconf 83' lang='lat' dir='ltr'>ira</span> <span class='ocrx_word' id='word_1_59' title='bbox 669 1960 738 2035; x_wconf 70' lang='lat' dir='ltr'>nea</span> <span class='ocrx_word' id='word_1_60' title='bbox 769 1981 799 2035; x_wconf 86' lang='lat' dir='ltr'>et</span> <span class='ocrx_word' id='word_1_61' title='bbox 825 1975 921 2055; x_wconf 80' lang='lat' dir='ltr'>furor</span> <span class='ocrx_word' id='word_1_62' title='bbox 948 1985 1170 2054; x_wconf 61' lang='lat' dir='ltr'>pertranseam</span> <span class='ocrx_word' id='word_1_63' title='bbox 1203 1973 1259 2041; x_wconf 75' lang='lat' dir='ltr'>&#39;et</span> <span class='ocrx_word' id='word_1_64' title='bbox 1280 1997 1334 2041; x_wconf 86' lang='lat' dir='ltr'>re-</span> 
     </span>
     <span class='ocr_line' id='line_1_9' title="bbox 205 2076 1331 2159; baseline 0.002 -14"><span class='ocrx_word' id='word_1_65' title='bbox 205 2082 368 2147; x_wconf 79' lang='lat' dir='ltr'>cordabor</span> <span class='ocrx_word' id='word_1_66' title='bbox 397 2081 461 2144; x_wconf 84' lang='lat' dir='ltr'>diei</span> <span class='ocrx_word' id='word_1_67' title='bbox 492 2080 584 2156; x_wconf 84' lang='lat' dir='ltr'>boni,</span> <span class='ocrx_word' id='word_1_68' title='bbox 617 2085 647 2142; x_wconf 83' lang='lat' dir='ltr'>et</span> <span class='ocrx_word' id='word_1_69' title='bbox 674 2076 835 2142; x_wconf 76' lang='lat' dir='ltr'>suscitato</span> <span class='ocrx_word' id='word_1_70' title='bbox 866 2099 923 2142; x_wconf 84' lang='lat' dir='ltr'>uos</span> <span class='ocrx_word' id='word_1_71' title='bbox 952 2100 968 2142; x_wconf 91' lang='lat' dir='ltr'>e</span> <span class='ocrx_word' id='word_1_72' title='bbox 999 2082 1177 2159; x_wconf 74' lang='lat' dir='ltr'><em>sepulchris</em></span> <span class='ocrx_word' id='word_1_73' title='bbox 1209 2083 1331 2147; x_wconf 84' lang='lat' dir='ltr'>cestris.</span> 
     </span>
     <span class='ocr_line' id='line_1_10' title="bbox 204 2182 1331 2264; baseline -0.002 -15"><span class='ocrx_word' id='word_1_74' title='bbox 204 2186 286 2249; x_wconf 83' lang='lat' dir='ltr'>Beati</span> <span class='ocrx_word' id='word_1_75' title='bbox 310 2202 424 2264; x_wconf 86' lang='lat' dir='ltr'>sumus,</span> <span class='ocrx_word' id='word_1_76' title='bbox 448 2183 557 2261; x_wconf 92' lang='lat' dir='ltr'>dilecti,</span> <span class='ocrx_word' id='word_1_77' title='bbox 580 2184 606 2245; x_wconf 90' lang='lat' dir='ltr'>si</span> <span class='ocrx_word' id='word_1_78' title='bbox 629 2187 788 2264; x_wconf 86' lang='lat' dir='ltr'>praecepta</span> <span class='ocrx_word' id='word_1_79' title='bbox 804 2182 922 2246; x_wconf 86' lang='lat' dir='ltr'>Domini</span> <span class='ocrx_word' id='word_1_80' title='bbox 945 2186 974 2246; x_wconf 89' lang='lat' dir='ltr'>in</span> <span class='ocrx_word' id='word_1_81' title='bbox 1000 2185 1150 2248; x_wconf 88' lang='lat' dir='ltr'>charitatis</span> <span class='ocrx_word' id='word_1_82' title='bbox 1170 2187 1331 2249; x_wconf 88' lang='lat' dir='ltr'>concordia</span> 
     </span>
     <span class='ocr_line' id='line_1_11' title="bbox 205 2282 1334 2372; baseline 0 -20"><span class='ocrx_word' id='word_1_83' title='bbox 205 2291 446 2372; x_wconf 83' lang='lat' dir='ltr'>impleverimus,</span> <span class='ocrx_word' id='word_1_84' title='bbox 477 2296 508 2352; x_wconf 94' lang='lat' dir='ltr'>ut</span> <span class='ocrx_word' id='word_1_85' title='bbox 531 2307 585 2371; x_wconf 91' lang='lat' dir='ltr'>per</span> <span class='ocrx_word' id='word_1_86' title='bbox 615 2282 814 2349; x_wconf 84' lang='lat' dir='ltr'>⁸charitatem</span> <span class='ocrx_word' id='word_1_87' title='bbox 846 2295 967 2369; x_wconf 89' lang='lat' dir='ltr'>peccata</span> <span class='ocrx_word' id='word_1_88' title='bbox 999 2284 1130 2352; x_wconf 85' lang='lat' dir='ltr'>⁹nostra</span> <span class='ocrx_word' id='word_1_89' title='bbox 1161 2291 1248 2353; x_wconf 85' lang='lat' dir='ltr'>nobis</span> <span class='ocrx_word' id='word_1_90' title='bbox 1280 2310 1334 2353; x_wconf 89' lang='lat' dir='ltr'>re·</span> 
     </span>
     <span class='ocr_line' id='line_1_12' title="bbox 204 2386 1335 2476; baseline 0 -19"><span class='ocrx_word' id='word_1_91' title='bbox 204 2397 367 2458; x_wconf 84' lang='lat' dir='ltr'>mittantur.</span> <span class='ocrx_word' id='word_1_92' title='bbox 413 2393 558 2475; x_wconf 84' lang='lat' dir='ltr'>Scriptum</span> <span class='ocrx_word' id='word_1_93' title='bbox 583 2392 659 2454; x_wconf 89' lang='lat' dir='ltr'>enim</span> <span class='ocrx_word' id='word_1_94' title='bbox 684 2398 745 2453; x_wconf 87' lang='lat' dir='ltr'>cst:</span> <span class='ocrx_word' id='word_1_95' title='bbox 772 2386 798 2428; x_wconf 83' lang='lat'>¹⁰</span> <span class='ocrx_word' id='word_1_96' title='bbox 812 2391 904 2470; x_wconf 84' lang='lat' dir='ltr'>beuti,</span> <span class='ocrx_word' id='word_1_97' title='bbox 929 2413 1061 2476; x_wconf 79' lang='lat' dir='ltr'>quorum</span> <span class='ocrx_word' id='word_1_98' title='bbox 1086 2396 1237 2458; x_wconf 75' lang='lat' dir='ltr'>remissae</span> <span class='ocrx_word' id='word_1_99' title='bbox 1260 2402 1335 2458; x_wconf 82' lang='lat' dir='ltr'>sunl</span> 
     </span>
     <span class='ocr_line' id='line_1_13' title="bbox 205 2497 1335 2580; baseline 0.001 -19"><span class='ocrx_word' id='word_1_100' title='bbox 205 2500 402 2580; x_wconf 81' lang='lat' dir='ltr'>iniquitates,</span> <span class='ocrx_word' id='word_1_101' title='bbox 426 2505 456 2560; x_wconf 90' lang='lat' dir='ltr'>et</span> <span class='ocrx_word' id='word_1_102' title='bbox 471 2515 603 2578; x_wconf 83' lang='lat' dir='ltr'>quorum</span> <span class='ocrx_word' id='word_1_103' title='bbox 618 2504 699 2558; x_wconf 87' lang='lat' dir='ltr'>tecto</span> <span class='ocrx_word' id='word_1_104' title='bbox 714 2503 789 2558; x_wconf 83' lang='lat' dir='ltr'>suut</span> <span class='ocrx_word' id='word_1_105' title='bbox 800 2505 940 2576; x_wconf 85' lang='lat' dir='ltr'>peccata.</span> <span class='ocrx_word' id='word_1_106' title='bbox 987 2497 1102 2560; x_wconf 86' lang='lat' dir='ltr'>Beatus</span> <span class='ocrx_word' id='word_1_107' title='bbox 1118 2500 1179 2576; x_wconf 83' lang='lat' dir='ltr'>cir,</span> <span class='ocrx_word' id='word_1_108' title='bbox 1206 2498 1229 2537; x_wconf 86' lang='lat'>¹¹</span> <span class='ocrx_word' id='word_1_109' title='bbox 1244 2502 1335 2580; x_wconf 82' lang='lat' dir='ltr'>cujus</span> 
     </span>
     <span class='ocr_line' id='line_1_14' title="bbox 203 2600 1334 2684; baseline 0 -18"><span class='ocrx_word' id='word_1_110' title='bbox 203 2611 367 2684; x_wconf 79' lang='lat' dir='ltr'>peccatum</span> <span class='ocrx_word' id='word_1_111' title='bbox 381 2602 535 2665; x_wconf 84' lang='lat' dir='ltr'>Dominus</span> <span class='ocrx_word' id='word_1_112' title='bbox 556 2620 618 2663; x_wconf 86' lang='lat' dir='ltr'>nou</span> <span class='ocrx_word' id='word_1_113' title='bbox 642 2600 813 2681; x_wconf 78' lang='lat' dir='ltr'>imputabit,</span> <span class='ocrx_word' id='word_1_114' title='bbox 837 2621 936 2681; x_wconf 83' lang='lat' dir='ltr'>neque</span> <span class='ocrx_word' id='word_1_115' title='bbox 959 2610 1005 2664; x_wconf 87' lang='lat' dir='ltr'>est</span> <span class='ocrx_word' id='word_1_116' title='bbox 1028 2603 1062 2664; x_wconf 77' lang='lat' dir='ltr'>ias</span> <span class='ocrx_word' id='word_1_117' title='bbox 1077 2623 1131 2666; x_wconf 87' lang='lat' dir='ltr'>ore</span> <span class='ocrx_word' id='word_1_118' title='bbox 1147 2605 1217 2683; x_wconf 81' lang='lat' dir='ltr'>ejas</span> <span class='ocrx_word' id='word_1_119' title='bbox 1234 2602 1334 2667; x_wconf 84' lang='lat' dir='ltr'>dolus.</span> 
     </span>
     <span class='ocr_line' id='line_1_15' title="bbox 205 2705 1333 2791; baseline 0 -20"><span class='ocrx_word' id='word_1_120' title='bbox 205 2710 289 2772; x_wconf 86' lang='lat' dir='ltr'>llaec</span> <span class='ocrx_word' id='word_1_121' title='bbox 319 2707 509 2771; x_wconf 84' lang='lat' dir='ltr'>beatitudinis</span> <span class='ocrx_word' id='word_1_122' title='bbox 538 2705 721 2789; x_wconf 87' lang='lat' dir='ltr'>praedicatio</span> <span class='ocrx_word' id='word_1_123' title='bbox 751 2706 787 2767; x_wconf 86' lang='lat' dir='ltr'>ad</span> <span class='ocrx_word' id='word_1_124' title='bbox 818 2724 873 2770; x_wconf 87' lang='lat' dir='ltr'>eos</span> <span class='ocrx_word' id='word_1_125' title='bbox 903 2706 1049 2788; x_wconf 87' lang='lat' dir='ltr'>pertinet,</span> <span class='ocrx_word' id='word_1_126' title='bbox 1082 2708 1131 2788; x_wconf 89' lang='lat' dir='ltr'>qui</span> <span class='ocrx_word' id='word_1_127' title='bbox 1154 2726 1209 2791; x_wconf 91' lang='lat' dir='ltr'>per</span> <span class='ocrx_word' id='word_1_128' title='bbox 1231 2708 1333 2771; x_wconf 87' lang='lat' dir='ltr'>lesum</span> 
     </span>
     <span class='ocr_line' id='line_1_16' title="bbox 206 2811 1333 2898; baseline 0.003 -22"><span class='ocrx_word' id='word_1_129' title='bbox 206 2813 358 2876; x_wconf 76' lang='lat' dir='ltr'>Christum</span> <span class='ocrx_word' id='word_1_130' title='bbox 381 2811 540 2874; x_wconf 91' lang='lat' dir='ltr'>Dominum</span> <span class='ocrx_word' id='word_1_131' title='bbox 569 2817 704 2874; x_wconf 87' lang='lat' dir='ltr'>nostrum</span> <span class='ocrx_word' id='word_1_132' title='bbox 726 2829 743 2872; x_wconf 91' lang='lat' dir='ltr'>a</span> <span class='ocrx_word' id='word_1_133' title='bbox 766 2811 831 2876; x_wconf 87' lang='lat' dir='ltr'>Deo</span> <span class='ocrx_word' id='word_1_134' title='bbox 861 2818 932 2875; x_wconf 90' lang='lat' dir='ltr'>sunt</span> <span class='ocrx_word' id='word_1_135' title='bbox 962 2812 1068 2892; x_wconf 89' lang='lat' dir='ltr'>electi,</span> <span class='ocrx_word' id='word_1_136' title='bbox 1098 2813 1145 2876; x_wconf 89' lang='lat' dir='ltr'>cui</span> <span class='ocrx_word' id='word_1_137' title='bbox 1172 2815 1211 2876; x_wconf 92' lang='lat' dir='ltr'>sit</span> <span class='ocrx_word' id='word_1_138' title='bbox 1237 2815 1333 2898; x_wconf 79' lang='lat' dir='ltr'>gloria</span> 
     </span>
     <span class='ocr_line' id='line_1_17' title="bbox 206 2914 716 2982; baseline -0.008 0"><span class='ocrx_word' id='word_1_139' title='bbox 206 2922 235 2982; x_wconf 90' lang='lat' dir='ltr'>iu</span> <span class='ocrx_word' id='word_1_140' title='bbox 258 2916 567 2982; x_wconf 79' lang='lat' dir='ltr'>seculaseculorum.</span> <span class='ocrx_word' id='word_1_141' title='bbox 611 2914 716 2978; x_wconf 82' lang='lat' dir='ltr'>Amen.</span> 
     </span>
    </p>
   </div>
   <div class='ocr_carea' id='block_1_3' title="bbox 205 3211 1334 3398">
    <p class='ocr_par' dir='ltr' id='par_1_3' title="bbox 205 3211 1334 3398">
     <span class='ocr_line' id='line_1_18' title="bbox 205 3211 1334 3295; baseline -0.005 -16"><span class='ocrx_word' id='word_1_142' title='bbox 205 3215 249 3279; x_wconf 87' lang='lat' dir='ltr'>Ll.</span> <span class='ocrx_word' id='word_1_143' title='bbox 288 3211 429 3278; x_wconf 77' lang='lat' dir='ltr'>Dissids&#39;i</span> <span class='ocrx_word' id='word_1_144' title='bbox 443 3211 626 3295; x_wconf 82' lang='lat' dir='ltr'>participes,</span> <span class='ocrx_word' id='word_1_145' title='bbox 647 3212 833 3291; x_wconf 83' lang='lat' dir='ltr'>praesertim</span> <span class='ocrx_word' id='word_1_146' title='bbox 853 3221 1007 3291; x_wconf 77' lang='lat' dir='ltr'>auctores,</span> <span class='ocrx_word' id='word_1_147' title='bbox 1033 3213 1241 3293; x_wconf 77' lang='lat' dir='ltr'>confiteantur</span> <span class='ocrx_word' id='word_1_148' title='bbox 1258 3230 1334 3290; x_wconf 80' lang='lat' dir='ltr'>pec·</span> 
     </span>
     <span class='ocr_line' id='line_1_19' title="bbox 636 3319 908 3398; baseline 0 -19"><span class='ocrx_word' id='word_1_149' title='bbox 636 3325 737 3380; x_wconf 86' lang='lat' dir='ltr'>culum</span> <span class='ocrx_word' id='word_1_150' title='bbox 760 3319 908 3398; x_wconf 84' lang='lat' dir='ltr'>ipsorum.</span> 
     </span>
    </p>
   </div>
   <div class='ocr_carea' id='block_1_4' title="bbox 209 3436 1338 4253">
    <p class='ocr_par' dir='ltr' id='par_1_4' title="bbox 209 3436 1338 4253">
     <span class='ocr_line' id='line_1_20' title="bbox 299 3436 1334 3522; baseline -0.004 -20"><span class='ocrx_word' id='word_1_151' title='bbox 299 3441 505 3521; x_wconf 81' lang='lat' dir='ltr'>Quaecunque</span> <span class='ocrx_word' id='word_1_152' title='bbox 535 3440 624 3522; x_wconf 77' lang='lat' dir='ltr'>igitur</span> <span class='ocrx_word' id='word_1_153' title='bbox 654 3459 710 3522; x_wconf 91' lang='lat' dir='ltr'>per</span> <span class='ocrx_word' id='word_1_154' title='bbox 739 3440 851 3519; x_wconf 89' lang='lat' dir='ltr'>aliquas</span> <span class='ocrx_word' id='word_1_155' title='bbox 884 3437 1048 3500; x_wconf 84' lang='lat' dir='ltr'>adversarii</span> <span class='ocrx_word' id='word_1_156' title='bbox 1083 3436 1334 3518; x_wconf 62' lang='lat' dir='ltr'>”suggestiones</span> 
     </span>
     <span class='ocr_line' id='line_1_21' title="bbox 210 3541 1336 3627; baseline -0.003 -21"><span class='ocrx_word' id='word_1_157' title='bbox 210 3544 407 3624; x_wconf 84' lang='lat' dir='ltr'>deliquimus,</span> <span class='ocrx_word' id='word_1_158' title='bbox 431 3545 546 3608; x_wconf 88' lang='lat' dir='ltr'>veniam</span> <span class='ocrx_word' id='word_1_159' title='bbox 569 3551 599 3608; x_wconf 88' lang='lat' dir='ltr'>et</span> <span class='ocrx_word' id='word_1_160' title='bbox 621 3545 832 3627; x_wconf 80' lang='lat' dir='ltr'>indulgentiam</span> <span class='ocrx_word' id='word_1_161' title='bbox 856 3543 1064 3625; x_wconf 84' lang='lat' dir='ltr'>inrploremus;</span> <span class='ocrx_word' id='word_1_162' title='bbox 1097 3541 1138 3604; x_wconf 87' lang='lat' dir='ltr'>illi</span> <span class='ocrx_word' id='word_1_163' title='bbox 1161 3559 1254 3620; x_wconf 86' lang='lat' dir='ltr'>vcro,</span> <span class='ocrx_word' id='word_1_164' title='bbox 1286 3541 1336 3621; x_wconf 90' lang='lat' dir='ltr'>qui</span> 
     </span>
     <span class='ocr_line' id='line_1_22' title="bbox 210 3648 1335 3733; baseline -0.005 -20"><span class='ocrx_word' id='word_1_165' title='bbox 210 3649 369 3713; x_wconf 86' lang='lat' dir='ltr'>seditionis</span> <span class='ocrx_word' id='word_1_166' title='bbox 391 3656 421 3712; x_wconf 90' lang='lat' dir='ltr'>et</span> <span class='ocrx_word' id='word_1_167' title='bbox 444 3649 639 3715; x_wconf 90' lang='lat' dir='ltr'>dissensionis</span> <span class='ocrx_word' id='word_1_168' title='bbox 662 3650 813 3733; x_wconf 91' lang='lat' dir='ltr'>principes</span> <span class='ocrx_word' id='word_1_169' title='bbox 836 3648 1024 3724; x_wconf 85' lang='lat' dir='ltr'>exstiterunt,</span> <span class='ocrx_word' id='word_1_170' title='bbox 1047 3663 1232 3708; x_wconf 89' lang='lat' dir='ltr'>communem</span> <span class='ocrx_word' id='word_1_171' title='bbox 1252 3662 1335 3725; x_wconf 91' lang='lat' dir='ltr'>spem</span> 
     </span>
     <span class='ocr_line' id='line_1_23' title="bbox 210 3750 1336 3834; baseline -0.006 -17"><span class='ocrx_word' id='word_1_172' title='bbox 210 3752 407 3834; x_wconf 86' lang='lat' dir='ltr'>contemplari</span> <span class='ocrx_word' id='word_1_173' title='bbox 436 3753 553 3817; x_wconf 88' lang='lat' dir='ltr'>debent.</span> <span class='ocrx_word' id='word_1_174' title='bbox 599 3756 657 3830; x_wconf 82' lang='lat' dir='ltr'>Oui</span> <span class='ocrx_word' id='word_1_175' title='bbox 692 3756 770 3817; x_wconf 90' lang='lat' dir='ltr'>enim</span> <span class='ocrx_word' id='word_1_176' title='bbox 803 3754 831 3816; x_wconf 90' lang='lat' dir='ltr'>in</span> <span class='ocrx_word' id='word_1_177' title='bbox 868 3755 974 3816; x_wconf 89' lang='lat' dir='ltr'>timore</span> <span class='ocrx_word' id='word_1_178' title='bbox 1009 3758 1039 3814; x_wconf 90' lang='lat' dir='ltr'>et</span> <span class='ocrx_word' id='word_1_179' title='bbox 1070 3751 1213 3812; x_wconf 86' lang='lat' dir='ltr'>charitate</span> <span class='ocrx_word' id='word_1_180' title='bbox 1247 3750 1336 3811; x_wconf 84' lang='lat' dir='ltr'>vitam</span> 
     </span>
     <span class='ocr_line' id='line_1_24' title="bbox 210 3851 1337 3941; baseline -0.004 -20"><span class='ocrx_word' id='word_1_181' title='bbox 210 3859 336 3941; x_wconf 81' lang='lat' dir='ltr'>degunt,</span> <span class='ocrx_word' id='word_1_182' title='bbox 359 3875 394 3921; x_wconf 87' lang='lat' dir='ltr'>se</span> <span class='ocrx_word' id='word_1_183' title='bbox 416 3859 498 3939; x_wconf 90' lang='lat' dir='ltr'>ipsos</span> <span class='ocrx_word' id='word_1_184' title='bbox 522 3860 619 3940; x_wconf 91' lang='lat' dir='ltr'>potius</span> <span class='ocrx_word' id='word_1_185' title='bbox 643 3878 729 3940; x_wconf 89' lang='lat' dir='ltr'>quam</span> <span class='ocrx_word' id='word_1_186' title='bbox 754 3859 907 3940; x_wconf 83' lang='lat' dir='ltr'>proximos</span> <span class='ocrx_word' id='word_1_187' title='bbox 933 3857 963 3918; x_wconf 96' lang='lat' dir='ltr'>in</span> <span class='ocrx_word' id='word_1_188' title='bbox 991 3851 1015 3893; x_wconf 74' lang='lat'>¹⁸</span> <span class='ocrx_word' id='word_1_189' title='bbox 1031 3855 1179 3917; x_wconf 85' lang='lat' dir='ltr'>cruciatus</span> <span class='ocrx_word' id='word_1_190' title='bbox 1202 3853 1337 3916; x_wconf 87' lang='lat' dir='ltr'>incidere</span> 
     </span>
     <span class='ocr_line' id='line_1_25' title="bbox 209 3957 1337 4045; baseline -0.002 -22"><span class='ocrx_word' id='word_1_191' title='bbox 209 3961 326 4040; x_wconf 87' lang='lat' dir='ltr'>volunt,</span> <span class='ocrx_word' id='word_1_192' title='bbox 350 3967 381 4022; x_wconf 91' lang='lat' dir='ltr'>et</span> <span class='ocrx_word' id='word_1_193' title='bbox 401 3980 436 4025; x_wconf 90' lang='lat' dir='ltr'>se</span> <span class='ocrx_word' id='word_1_194' title='bbox 457 3962 540 4045; x_wconf 88' lang='lat' dir='ltr'>ipsos</span> <span class='ocrx_word' id='word_1_195' title='bbox 563 3963 660 4045; x_wconf 91' lang='lat' dir='ltr'>potins</span> <span class='ocrx_word' id='word_1_196' title='bbox 685 3981 772 4042; x_wconf 88' lang='lat' dir='ltr'>quarn</span> <span class='ocrx_word' id='word_1_197' title='bbox 794 3962 919 4044; x_wconf 87' lang='lat' dir='ltr'>pulchre</span> <span class='ocrx_word' id='word_1_198' title='bbox 941 3966 971 4023; x_wconf 89' lang='lat' dir='ltr'>et</span> <span class='ocrx_word' id='word_1_199' title='bbox 987 3963 1068 4044; x_wconf 89' lang='lat' dir='ltr'>juste</span> <span class='ocrx_word' id='word_1_200' title='bbox 1094 3957 1227 4022; x_wconf 91' lang='lat' dir='ltr'>traditam</span> <span class='ocrx_word' id='word_1_201' title='bbox 1249 3959 1337 4022; x_wconf 83' lang='lat' dir='ltr'>nobis</span> 
     </span>
     <span class='ocr_line' id='line_1_26' title="bbox 210 4063 1338 4149; baseline -0.005 -20"><span class='ocrx_word' id='word_1_202' title='bbox 210 4066 444 4129; x_wconf 90' lang='lat' dir='ltr'>consensionem</span> <span class='ocrx_word' id='word_1_203' title='bbox 473 4066 576 4129; x_wconf 87' lang='lat' dir='ltr'>subire</span> <span class='ocrx_word' id='word_1_204' title='bbox 605 4068 853 4149; x_wconf 86' lang='lat' dir='ltr'>vituperationem</span> <span class='ocrx_word' id='word_1_205' title='bbox 884 4064 997 4127; x_wconf 87' lang='lat' dir='ltr'>volunt.</span> <span class='ocrx_word' id='word_1_206' title='bbox 1043 4063 1148 4127; x_wconf 83' lang='lat' dir='ltr'>Melius</span> <span class='ocrx_word' id='word_1_207' title='bbox 1182 4064 1259 4125; x_wconf 89' lang='lat' dir='ltr'>enirn</span> <span class='ocrx_word' id='word_1_208' title='bbox 1292 4067 1338 4125; x_wconf 91' lang='lat' dir='ltr'>est</span> 
     </span>
     <span class='ocr_line' id='line_1_27' title="bbox 211 4169 1337 4253; baseline -0.002 -23"><span class='ocrx_word' id='word_1_209' title='bbox 211 4169 340 4247; x_wconf 89' lang='lat' dir='ltr'>homini,</span> <span class='ocrx_word' id='word_1_210' title='bbox 364 4176 484 4250; x_wconf 86' lang='lat' dir='ltr'>peecata</span> <span class='ocrx_word' id='word_1_211' title='bbox 507 4188 561 4233; x_wconf 87' lang='lat' dir='ltr'>sua</span> <span class='ocrx_word' id='word_1_212' title='bbox 583 4171 736 4250; x_wconf 87' lang='lat' dir='ltr'>confiteri,</span> <span class='ocrx_word' id='word_1_213' title='bbox 761 4190 848 4253; x_wconf 87' lang='lat' dir='ltr'>quam</span> <span class='ocrx_word' id='word_1_214' title='bbox 871 4170 1012 4232; x_wconf 88' lang='lat' dir='ltr'>indurare</span> <span class='ocrx_word' id='word_1_215' title='bbox 1035 4187 1088 4232; x_wconf 92' lang='lat' dir='ltr'>cor</span> <span class='ocrx_word' id='word_1_216' title='bbox 1111 4186 1216 4244; x_wconf 74' lang='lat' dir='ltr'>suum,</span> <span class='ocrx_word' id='word_1_217' title='bbox 1249 4173 1337 4248; x_wconf 89' lang='lat' dir='ltr'>prout</span> 
     </span>
    </p>
   </div>
   <div class='ocr_carea' id='block_1_5' title="bbox 211 4321 1337 5085">
    <p class='ocr_par' dir='ltr' id='par_1_5' title="bbox 211 4321 1337 5085">
     <span class='ocr_line' id='line_1_28' title="bbox 211 4321 1064 4392; baseline -0.005 -16"><span class='ocrx_word' id='word_1_218' title='bbox 211 4322 361 4392; x_wconf 69' lang='lat' dir='ltr'>apocrypho</span> <span class='ocrx_word' id='word_1_219' title='bbox 378 4321 410 4374; x_wconf 80' lang='lat' dir='ltr'>IV</span> <span class='ocrx_word' id='word_1_220' title='bbox 423 4322 498 4376; x_wconf 79' lang='lat' dir='ltr'>Esdr.</span> <span class='ocrx_word' id='word_1_221' title='bbox 515 4325 541 4388; x_wconf 83' lang='lat'>2,</span> <span class='ocrx_word' id='word_1_222' title='bbox 560 4325 600 4376; x_wconf 85' lang='grc'>16.</span> <span class='ocrx_word' id='word_1_223' title='bbox 629 4327 760 4376; x_wconf 73' lang='lat' dir='ltr'>Coruus.</span> <span class='ocrx_word' id='word_1_224' title='bbox 808 4325 854 4392; x_wconf 85' lang='grc'>10)</span> <span class='ocrx_word' id='word_1_225' title='bbox 873 4323 913 4375; x_wconf 81' lang='lat' dir='ltr'>Pe.</span> <span class='ocrx_word' id='word_1_226' title='bbox 933 4322 975 4388; x_wconf 82' lang='lat'>32,</span> <span class='ocrx_word' id='word_1_227' title='bbox 997 4324 1018 4374; x_wconf 86' lang='lat' dir='ltr'>i.</span> <span class='ocrx_word' id='word_1_228' title='bbox 1039 4321 1064 4372; x_wconf 85' lang='lat'>2.</span> 
     </span>
     <span class='ocr_line' id='line_1_29' title="bbox 211 4399 1337 4479; baseline -0.003 -18"><span class='ocrx_word' id='word_1_229' title='bbox 211 4409 360 4461; x_wconf 78' lang='lat' dir='ltr'>Gellsudius</span> <span class='ocrx_word' id='word_1_230' title='bbox 378 4411 420 4460; x_wconf 80' lang='lat' dir='ltr'>vix</span> <span class='ocrx_word' id='word_1_231' title='bbox 438 4409 547 4474; x_wconf 77' lang='lat' dir='ltr'>dubitat,</span> <span class='ocrx_word' id='word_1_232' title='bbox 566 4413 626 4479; x_wconf 87' lang='lat' dir='ltr'>quin</span> <span class='ocrx_word' id='word_1_233' title='bbox 645 4411 670 4463; x_wconf 90' lang='lat' dir='ltr'>S.</span> <span class='ocrx_word' id='word_1_234' title='bbox 688 4410 762 4463; x_wconf 85' lang='lat' dir='ltr'>Pater</span> <span class='ocrx_word' id='word_1_235' title='bbox 809 4410 852 4475; x_wconf 90' lang='lat' dir='ltr'>li)</span> <span class='ocrx_word' id='word_1_236' title='bbox 872 4399 910 4460; x_wconf 72' lang='grc' dir='ltr'>Οὔ</span> <span class='ocrx_word' id='word_1_237' title='bbox 926 4405 962 4457; x_wconf 80' lang='grc' dir='ltr'>ου’.</span> <span class='ocrx_word' id='word_1_238' title='bbox 999 4408 1034 4459; x_wconf 85' lang='lat' dir='ltr'>lta</span> <span class='ocrx_word' id='word_1_239' title='bbox 1056 4425 1084 4461; x_wconf 87' lang='lat' dir='ltr'>se</span> <span class='ocrx_word' id='word_1_240' title='bbox 1103 4408 1179 4459; x_wconf 83' lang='lat' dir='ltr'>habet</span> <span class='ocrx_word' id='word_1_241' title='bbox 1198 4407 1260 4460; x_wconf 87' lang='lat' dir='ltr'>Cod.</span> <span class='ocrx_word' id='word_1_242' title='bbox 1281 4423 1337 4471; x_wconf 74' lang='lat' dir='ltr'>mu,</span> 
     </span>
     <span class='ocr_line' id='line_1_30' title="bbox 211 4484 1337 4564; baseline -0.003 -17"><span class='ocrx_word' id='word_1_243' title='bbox 211 4497 355 4564; x_wconf 76' lang='lat' dir='ltr'>rcepexerit</span> <span class='ocrx_word' id='word_1_244' title='bbox 373 4494 404 4545; x_wconf 86' lang='lat' dir='ltr'>sd</span> <span class='ocrx_word' id='word_1_245' title='bbox 423 4494 760 4563; x_wconf 81' lang='lat' dir='ltr'>illudEssclr.37,12.13.</span> <span class='ocrx_word' id='word_1_246' title='bbox 789 4497 846 4547; x_wconf 84' lang='lat' dir='ltr'>Vnt.</span> <span class='ocrx_word' id='word_1_247' title='bbox 866 4495 953 4548; x_wconf 81' lang='lat' dir='ltr'>Codex</span> <span class='ocrx_word' id='word_1_248' title='bbox 970 4493 1032 4545; x_wconf 82' lang='lat' dir='ltr'>txx</span> <span class='ocrx_word' id='word_1_249' title='bbox 1058 4497 1161 4561; x_wconf 83' lang='lat' dir='ltr'>interpr.</span> <span class='ocrx_word' id='word_1_250' title='bbox 1183 4493 1288 4545; x_wconf 85' lang='lat' dir='ltr'>exhibet</span> <span class='ocrx_word' id='word_1_251' title='bbox 1310 4484 1337 4558; x_wconf 73' lang='grc' dir='ltr'>ᾧ.</span> 
     </span>
     <span class='ocr_line' id='line_1_31' title="bbox 246 4579 1336 4649; baseline -0.003 -18"><span class='ocrx_word' id='word_1_252' title='bbox 246 4583 277 4649; x_wconf 77' lang='grc'>8)</span> <span class='ocrx_word' id='word_1_253' title='bbox 306 4580 505 4646; x_wconf 77' lang='lat' dir='ltr'>Animadverte,</span> <span class='ocrx_word' id='word_1_254' title='bbox 536 4582 577 4634; x_wconf 88' lang='lat' dir='ltr'>hic</span> <span class='ocrx_word' id='word_1_255' title='bbox 605 4582 761 4636; x_wconf 86' lang='lat' dir='ltr'>Clementem</span> <span class='ocrx_word' id='word_1_256' title='bbox 789 4584 830 4634; x_wconf 87' lang='lat' dir='ltr'>Sic</span> <span class='ocrx_word' id='word_1_257' title='bbox 849 4582 874 4633; x_wconf 88' lang='lat' dir='ltr'>S.</span> <span class='ocrx_word' id='word_1_258' title='bbox 894 4581 985 4632; x_wconf 83' lang='lat' dir='ltr'>Paulus</span> <span class='ocrx_word' id='word_1_259' title='bbox 1004 4580 1035 4631; x_wconf 86' lang='lat' dir='ltr'>ad</span> <span class='ocrx_word' id='word_1_260' title='bbox 1055 4579 1127 4631; x_wconf 86' lang='lat' dir='ltr'>llom.</span> <span class='ocrx_word' id='word_1_261' title='bbox 1145 4582 1171 4644; x_wconf 83' lang='lat' dir='ltr'>l,</span> <span class='ocrx_word' id='word_1_262' title='bbox 1191 4582 1216 4632; x_wconf 82' lang='grc'>8.</span> <span class='ocrx_word' id='word_1_263' title='bbox 1247 4585 1336 4629; x_wconf 83' lang='lat' dir='ltr'>tt&#39;nrr.</span> 
     </span>
     <span class='ocr_line' id='line_1_32' title="bbox 214 4663 1335 4734; baseline -0.004 -16"><span class='ocrx_word' id='word_1_264' title='bbox 214 4667 321 4719; x_wconf 82' lang='lat' dir='ltr'>eandem</span> <span class='ocrx_word' id='word_1_265' title='bbox 340 4666 416 4734; x_wconf 82' lang='lat' dir='ltr'>plane</span> <span class='ocrx_word' id='word_1_266' title='bbox 435 4669 486 4718; x_wconf 87' lang='lat' dir='ltr'>vim</span> <span class='ocrx_word' id='word_1_267' title='bbox 511 4673 634 4723; x_wconf 69' lang='lat' dir='ltr'>alacritati</span> <span class='ocrx_word' id='word_1_268' title='bbox 658 4669 690 4720; x_wconf 82' lang='lat' dir='ltr'>nd</span> <span class='ocrx_word' id='word_1_269' title='bbox 716 4685 760 4719; x_wconf 86' lang='lat' dir='ltr'>re·</span> <span class='ocrx_word' id='word_1_270' title='bbox 809 4671 853 4732; x_wconf 82' lang='grc'>12)</span> <span class='ocrx_word' id='word_1_271' title='bbox 872 4669 912 4721; x_wconf 82' lang='lat' dir='ltr'>Sc.</span> <span class='ocrx_word' id='word_1_272' title='bbox 938 4666 1016 4717; x_wconf 79' lang='grc' dir='ltr'><em>δόλων</em></span> <span class='ocrx_word' id='word_1_273' title='bbox 1041 4666 1082 4719; x_wconf 87' lang='lat' dir='ltr'>vel</span> <span class='ocrx_word' id='word_1_274' title='bbox 1109 4663 1216 4729; x_wconf 66' lang='grc' dir='ltr'>ἐνιδρῶν.</span> <span class='ocrx_word' id='word_1_275' title='bbox 1245 4669 1335 4713; x_wconf 81' lang='lat' dir='ltr'>tt&#39;nrr.</span> 
     </span>
     <span class='ocr_line' id='line_1_33' title="bbox 215 4749 1336 4821; baseline -0.005 -17"><span class='ocrx_word' id='word_1_276' title='bbox 215 4756 360 4806; x_wconf 88' lang='lat' dir='ltr'>missionem</span> <span class='ocrx_word' id='word_1_277' title='bbox 378 4762 542 4820; x_wconf 86' lang='lat' dir='ltr'>pcccatorum</span> <span class='ocrx_word' id='word_1_278' title='bbox 565 4772 612 4807; x_wconf 89' lang='lat' dir='ltr'>seu</span> <span class='ocrx_word' id='word_1_279' title='bbox 632 4755 760 4821; x_wconf 80' lang='lat' dir='ltr'>justifica·</span> <span class='ocrx_word' id='word_1_280' title='bbox 786 4752 815 4804; x_wconf 88' lang='lat'>‘0</span> <span class='ocrx_word' id='word_1_281' title='bbox 827 4751 994 4819; x_wconf 70' lang='grc' dir='ltr'>ᾰιτικείμενος,</span> <span class='ocrx_word' id='word_1_282' title='bbox 1009 4755 1162 4806; x_wconf 73' lang='lat' dir='ltr'>coasts-erius</span> <span class='ocrx_word' id='word_1_283' title='bbox 1174 4769 1209 4800; x_wconf 93' lang='lat'>=</span> <span class='ocrx_word' id='word_1_284' title='bbox 1220 4749 1336 4813; x_wconf 76' lang='lat' dir='ltr'>Satanas,</span> 
     </span>
     <span class='ocr_line' id='line_1_34' title="bbox 216 4838 1121 4910; baseline -0.002 -19"><span class='ocrx_word' id='word_1_285' title='bbox 216 4842 310 4892; x_wconf 85' lang='lat' dir='ltr'>tionem</span> <span class='ocrx_word' id='word_1_286' title='bbox 328 4840 532 4907; x_wconf 84' lang='lat' dir='ltr'>consequendam</span> <span class='ocrx_word' id='word_1_287' title='bbox 547 4842 668 4906; x_wconf 88' lang='lat' dir='ltr'>tribucre,</span> <span class='ocrx_word' id='word_1_288' title='bbox 687 4858 761 4910; x_wconf 82' lang='lat' dir='ltr'>quam</span> <span class='ocrx_word' id='word_1_289' title='bbox 789 4841 834 4893; x_wconf 88' lang='lat' dir='ltr'>clr.</span> <span class='ocrx_word' id='word_1_290' title='bbox 853 4840 932 4909; x_wconf 76' lang='lat' dir='ltr'>Epist.</span> <span class='ocrx_word' id='word_1_291' title='bbox 953 4844 1033 4894; x_wconf 75' lang='lat' dir='ltr'>uara.</span> <span class='ocrx_word' id='word_1_292' title='bbox 1054 4854 1077 4890; x_wconf 92' lang='lat' dir='ltr'>c.</span> <span class='ocrx_word' id='word_1_293' title='bbox 1097 4838 1121 4889; x_wconf 86' lang='lat'>2.</span> 
     </span>
     <span class='ocr_line' id='line_1_35' title="bbox 216 4924 1026 4996; baseline -0.001 -20"><span class='ocrx_word' id='word_1_294' title='bbox 216 4928 301 4978; x_wconf 84' lang='lat' dir='ltr'>tribuit</span> <span class='ocrx_word' id='word_1_295' title='bbox 317 4928 378 4993; x_wconf 72' lang='grc' dir='ltr'>μοι·</span> <span class='ocrx_word' id='word_1_296' title='bbox 395 4924 533 4993; x_wconf 79' lang='lat' dir='ltr'>Apostolus</span> <span class='ocrx_word' id='word_1_297' title='bbox 552 4926 650 4981; x_wconf 84' lang='lat' dir='ltr'>Paulus.</span> <span class='ocrx_word' id='word_1_298' title='bbox 808 4928 853 4996; x_wconf 78' lang='lat'>1³)</span> <span class='ocrx_word' id='word_1_299' title='bbox 874 4928 918 4980; x_wconf 77' lang='lat' dir='ltr'>ils.</span> <span class='ocrx_word' id='word_1_300' title='bbox 937 4926 1026 4981; x_wconf 69' lang='grc' dir='ltr'>οἰκίαις.</span> 
     </span>
     <span class='ocr_line' id='line_1_36' title="bbox 249 5010 760 5085; baseline 0.008 -23"><span class='ocrx_word' id='word_1_301' title='bbox 249 5013 278 5082; x_wconf 76' lang='grc'>9)</span> <span class='ocrx_word' id='word_1_302' title='bbox 297 5010 335 5063; x_wconf 80' lang='lat' dir='ltr'>lta</span> <span class='ocrx_word' id='word_1_303' title='bbox 353 5012 501 5085; x_wconf 69' lang='lat' dir='ltr'>legendnm,</span> <span class='ocrx_word' id='word_1_304' title='bbox 522 5022 588 5068; x_wconf 82' lang='lat' dir='ltr'>teste</span> <span class='ocrx_word' id='word_1_305' title='bbox 606 5014 760 5068; x_wconf 82' lang='lat' dir='ltr'>lacobsono.</span> 
     </span>
    </p>
   </div>
   <div class='ocr_carea' id='block_1_6' title="bbox 0 0 1551 6450">
    <p class='ocr_par' dir='ltr' id='par_1_6' title="bbox 0 0 1551 6450">
     <span class='ocr_line' id='line_1_37' title="bbox 0 0 1551 6450; baseline 0 0"><span class='ocrx_word' id='word_1_306' title='bbox 0 0 1551 6450; x_wconf 95' lang='lat' dir='ltr'> </span> 
     </span>
    </p>
   </div>
  </div>
 </body>
</html>
