3067 6450
608 1128 623 1159 Ι

529 1200 709 1256 emunata
729 1199 895 1256 amsrom.
923 1198 955 1254 x.
973 1198 1017 1255 xi.
1295 1201 1338 1268 27

210 1364 274 1425 istis
302 1362 438 1443 feminis,
471 1381 550 1444 quae
578 1362 731 1425 infandum
762 1361 877 1425 fucinus
908 1381 962 1425 ore
994 1368 1174 1445 perpetrant.
1220 1363 1337 1426 dtiiniul

209 1468 289 1530 enim
313 1467 383 1530 iilud
406 1486 461 1531 ore
484 1468 622 1549 concipit.
661 1467 761 1530 Moses
785 1468 875 1549 igitur
897 1467 935 1528 de
955 1469 1034 1530 escis
1057 1468 1183 1549 loquens
1204 1469 1257 1529 tria
1278 1467 1336 1530 de-

209 1579 293 1634 creta
319 1572 437 1635 locutus
461 1579 508 1635 est
530 1572 559 1634 in
584 1572 703 1653 spiritu3
727 1570 768 1632 iili
792 1588 885 1647 vero,
905 1573 991 1653 juxte
1014 1573 1113 1633 carnis
1137 1571 1336 1655 cupiditptem,

209 1677 296 1757 quasi
327 1675 366 1738 dc
398 1677 476 1738 escis
504 1675 678 1758 simpliciter
708 1675 840 1756 egisset,
872 1681 1061 1755 acceperunt.
1112 1673 1229 1738 'David
1262 1695 1336 1739 vero

208 1779 317 1843 horum
339 1782 426 1844 trium
449 1779 653 1844 mandatorum
677 1797 800 1843 sensum
830 1778 1012 1860 spiritualem
1036 1780 1277 1860 comprehendit,
1306 1785 1336 1843 ct

208 1885 249 1945 ait
272 1883 423 1947 similiter:
446 1882 585 1948 'beatas
604 1885 671 1960 eir,
696 1885 750 1964 pai
771 1901 835 1946 non
852 1882 930 1945 abiit
949 1883 981 1942 in
1000 1884 1137 1945 concilio
1158 1885 1334 1963 impioram,

207 1975 284 2051 sicut
299 1989 320 2051 ii
335 1990 435 2070 pisces
458 1989 608 2053 ambulant
627 1990 656 2051 in
677 1988 809 2051 tenebris
831 2006 866 2049 ac
882 1988 971 2049 meris
993 1985 1158 2068 profund03
1182 1996 1211 2049 et
1231 1988 1263 2048 in
1284 1988 1336 2051 cia

205 2101 405 2172 peccatorum
425 2112 490 2155 non
509 2095 612 2169 stetit,
644 2093 721 2154 sicut
743 2094 779 2169 ii,
813 2092 864 2172 qui
886 2092 1023 2155 videntur
1047 2092 1151 2154 timere
1167 2091 1334 2169 Dominum,

208 2202 238 2258 ct
261 2196 353 2259 ueluti
375 2213 428 2259 sus
451 2203 593 2279 peccant;
616 2206 646 2259 et
666 2199 699 2258 in
717 2197 868 2259 cathedra
886 2197 1135 2274 pestilentiorum
1157 2216 1220 2269 noa
1243 2196 1334 2273 sedit,

208 2284 458 2381 quemadmodum
481 2318 572 2379 aves,
603 2319 680 2383 quae
703 2299 741 2363 ad
764 2301 896 2380 rapinam
919 2300 1033 2362 sedent.
1080 2297 1231 2363 ³Habetis
1255 2318 1335 2362 nunc

209 2412 238 2470 et
269 2421 379 2468 sensus
410 2406 571 2486 spiritualis
602 2407 719 2489 plenem
750 2406 963 2487 cognitionem.
1010 2402 1077 2467 ‘At
1110 2403 1210 2466 Moses
1241 2421 1334 2484 porro

207 2506 299 2571 dixit:
331 2505 589 2573 mandamento
621 2527 710 2573 omne
741 2511 866 2591 bifidum
888 2530 928 2572 ac
949 2511 1123 2572 ruminans.
1168 2509 1244 2584 Ouid
1269 2509 1351 2597 ait?¹

207 2609 401 2677 ‘Dominam
424 2621 468 2676 est
491 2616 534 2695 is,
561 2617 611 2697 qui
635 2622 757 2698 accepta
781 2634 851 2679 esca
876 2616 1007 2677 meminit
1030 2614 1204 2690 nutrientis,
1227 2619 1257 2674 et
1279 2630 1334 2675 se·

207 2718 296 2781 tiatus
315 2716 355 2781 de
374 2736 413 2782 eo
436 2715 615 2804 [nutritore]
640 2719 765 2783 laetatus
786 2721 975 2802 conspicitur.
1020 2718 1114 2781 Recte
1133 2718 1205 2781 dixit
1222 2718 1332 2798 Moses,

206 2823 374 2905 respiciens
405 2822 442 2886 ad
469 2823 644 2886 mandatum.
690 2825 766 2899 Ouid
791 2843 867 2907 ergo
891 2824 955 2886 ait?
1001 2822 1231 2887 Adhaerendum
1263 2841 1332 2885 csse

207 2925 242 3013 ad
265 2943 339 3004 eos,
368 2928 419 3008 qui
446 2929 546 2991 timent
570 2928 742 3007 Dominum,
775 2930 876 3009 quiin
901 2927 993 2990 corde
1023 2928 1217 3003 meditantur,
1250 2927 1331 3008 qnod

206 3038 388 3113 acceperunt
411 3026 638 3114 'praeceptum
662 3035 711 3115 qui
734 3034 897 3115 loquuntur
914 3051 949 3095 uc
971 3041 1092 3096 servent
1112 3033 1245 3095 ritimdnta
1265 3033 1332 3094 Do·

206 3136 294 3213 mini,
326 3137 377 3216 qui
400 3138 514 3214 sciunt,
547 3138 767 3200 meditationem
792 3155 867 3219 opus
891 3156 960 3199 esse
987 3139 1131 3214 laetitiae,
1162 3145 1190 3197 et
1215 3137 1330 3198 Domini

208 3256 378 3301 sermonem
402 3242 558 3303 ruminent.
594 3236 695 3316 ⁸0nid
713 3260 786 3304 voro
802 3243 857 3303 sibi
875 3243 937 3304 vult
952 3241 1095 3306 bifidum?
1130 3242 1215 3315 Omni
1232 3242 1332 3322 justus

209 3342 236 3404 iu
260 3343 319 3404 hoc
342 3342 450 3406 mundo
473 3345 609 3423 umbuiut,
634 3354 663 3409 et
685 3355 819 3411 sanctum
843 3353 999 3426 exspectat
1020 3346 1179 3408 sacculum.
1217 3344 1332 3422 Videte,

208 3464 294 3526 quiam
316 3446 420 3528 pulcre
435 3452 567 3511 sanxerit
583 3450 691 3513 Doscs.
729 3450 789 3515 Sed
808 3449 953 3512 undenum
969 3443 1058 3527 ⁹illis‚
1076 3449 1149 3512 haee
1166 3447 1332 3528 inteitigere

207 3566 241 3609 ac
264 3550 548 3631 comprehendere?
584 3554 647 3617 Nos
670 3572 745 3617 vero
764 3555 846 3636 justo
865 3552 998 3615 mandate
1016 3553 1214 3635 intelligentes
1231 3551 1330 3631 ioqui·

207 3671 289 3732 mter,
320 3655 471 3735 quomodo
494 3657 636 3722 Dominus
667 3661 732 3722 istis
755 3659 923 3740 praeceptis
946 3657 1002 3719 sibi
1026 3655 1136 3718 votuit·
1172 3656 1332 3735 Propterea

207 3760 284 3820 enim
309 3777 398 3821 aures
417 3768 536 3823 nostrus
554 3770 583 3825 et
600 3764 690 3826 corda
708 3764 901 3841 circumcidit,
925 3768 955 3823 nt
978 3762 1033 3824 ista
1055 3759 1331 3824 animadvertamus.

205 3948 252 4012 xt.
297 3949 490 4031 Baptiamam
512 3963 542 4015 et
563 3973 685 4017 cracem
700 3955 788 4017 Deus
805 3956 875 4034 jam
900 3954 932 4015 in
953 3953 982 4017 V.
1003 3954 1036 4039 Τ.
1050 3951 1330 4032 praemonstravit.

291 4072 475 4144 Quaeramus
500 4093 588 4151 vero,
611 4095 648 4138 en
673 4077 800 4139 Domino
824 4093 914 4136 curae
938 4075 1045 4152 tuerit,
1069 4092 1266 4155 praemonere
1292 4072 1331 4134 do

203 4191 279 4255 equa
295 4174 379 4236 etde
395 4194 494 4238 cruce.
532 4178 568 4240 Et
588 4179 706 4260 quidem
730 4180 768 4242 de
791 4198 868 4261 aquia
893 4180 1034 4261 scriptum
1056 4180 1150 4240 estin
1171 4178 1329 4255 israelites,

203 4297 262 4358 quo
281 4280 372 4342 modo
391 4281 574 4361 baptismum,
597 4285 647 4364 qui
676 4281 699 4321 ¹⁰
712 4285 797 4346 affert
818 4292 1008 4365 peccatorum
1028 4283 1244 4359 remissionem,
1269 4300 1329 4344 non

200 4382 258 4442 sint
278 4386 440 4464 recepturi,
463 4386 517 4448 sed
541 4387 629 4450 atium
649 4390 704 4451 sibi
731 4387 754 4426 ¹¹
769 4390 909 4469 paraturi.
948 4388 1024 4449 Dicit
1046 4389 1146 4467 itaque
1167 4385 1329 4466 propheta:

201 4497 259 4548 dum
287 4508 328 4550 est
356 4517 370 4552 a
401 4499 581 4567 deaurationem,
613 4510 755 4575 imperare,
820 4509 863 4570 iit
882 4507 1329 4571 Nouneeemumcaaaputo‚uicum

199 4588 362 4651 praecipere.
782 4593 870 4644 tonaio
890 4603 915 4644 et
928 4592 1010 4644 Cotel.
1029 4605 1180 4659 reponamus
1199 4587 1330 4653 οἰκονομή-

233 4672 263 4733 8)
283 4677 366 4728 Otene.
386 4679 460 4729 Ateae.
480 4675 591 4747 Paadag.
610 4677 625 4728 1.
646 4694 670 4728 c.
781 4697 859 4740 novam
879 4696 935 4731 naun
957 4681 989 4743 τῷ
1016 4674 1155 4736 diradantur
1175 4678 1331 4729 trtsrttnendt

233 4757 262 4820 9)
281 4759 300 4811 l·
321 4776 344 4811 ο.
364 4765 487 4818 dudaeie.
781 4764 821 4816 vct
830 4769 944 4834 [acietrdi
956 4768 994 4818 via
1008 4767 1091 4815 inesse
1102 4770 1196 4830 potest,
1210 4760 1283 4810 ducta
1296 4759 1329 4810 ab

219 4843 516 4913 1⁰)Eimpapordquw,
541 4856 662 4906 tierneo.
699 4850 750 4903 cu.
779 4851 1082 4918 aediiieiiametaphora.
1120 4855 1211 4900 Dntts.
1248 4844 1329 4896 intel·

201 4946 265 4998 quaa
283 4932 316 4983 ad
335 4933 498 4988 nanciacum
512 4940 750 5003 mediterraneae,
779 4940 832 5006 tigit
852 4938 978 4990 Barnabas
997 4936 1085 4987 crebra
1111 4943 1136 4985 et
1155 4932 1328 5001 superstitiosa

201 5014 215 5068 Ι.
234 5034 256 5068 c.
276 5035 301 5086 p.
321 5019 356 5071 at
374 5037 413 5091 aq.
778 5024 932 5076 ludaeorum
950 5023 1110 5090 baptismata.
1146 5024 1266 5076 Menneu.

1286 5095 1442 5309 Ι·
