3067 6450
233 1183 259 1239 Β.
278 1180 459 1237 roucourt
477 1179 636 1236 EPISTULA
655 1179 700 1234 AD
719 1178 958 1235 eutatteuttstts.
977 1181 1018 1237 vt.
1030 1181 1084 1238 VD.
1097 1181 1163 1238 VIII.
1200 1187 1266 1254 265

132 1363 196 1427 pro
225 1364 260 1408 se
288 1344 443 1408 rationem
473 1342 607 1408 reddere
638 1353 771 1422 oportet.
816 1345 865 1411 Sio
898 1346 997 1427 itaque
1029 1347 1193 1409 serviamus
1225 1346 1268 1411 Dii

136 1472 204 1515 oum
228 1452 335 1513 timore
359 1458 390 1513 et
413 1450 492 1514 omni
512 1452 693 1529 reverentia,
717 1453 794 1514 sicut
809 1453 962 1533 praecepit
977 1453 1051 1532 ipse,
1075 1458 1105 1515 et
1120 1450 1267 1533 Apostoli,

137 1559 188 1640 qui
213 1555 220 1594 ¹
241 1557 326 1618 nobis
350 1557 538 1640 evangelium
561 1557 789 1636 annuntiarunt,
813 1563 843 1619 et
866 1557 1048 1639 prophetae,
1076 1558 1125 1638 qui
1149 1556 1268 1619 Domini

137 1662 233 1726 nostri
262 1659 421 1723 adventum
452 1661 748 1743 praesignificarunt3
780 1660 933 1740 studiose,
965 1661 1046 1742 quod
1075 1662 1183 1725 bonum
1212 1666 1269 1741 est,

136 1774 298 1844 sectantes,
321 1767 505 1830 abstinentes
528 1784 545 1828 a
568 1765 715 1829 scandatis
738 1771 807 1835 eta
833 1764 914 1829 iatsis
939 1765 1080 1829 iratribus
1109 1772 1138 1828 et
1162 1767 1198 1828 ab
1223 1766 1268 1845 iis,

138 1871 241 1953 quiin
265 1870 416 1953 hypocrisi
439 1889 551 1934 nomen
574 1870 692 1934 Domini
716 1869 861 1951 ²ierunt,
888 1872 937 1953 qui
962 1890 1055 1936 vanos
1079 1872 1215 1935 homines
1238 1871 1269 1933 in

137 1994 274 2039 errorem
297 1976 448 2040 inducunt.

137 2169 198 2233 vit.
244 2169 353 2251 Faqite
374 2168 531 2246 Docetur,
561 2175 591 2230 et
615 2175 815 2248 perseverate
844 2168 880 2231 io
902 2167 1039 2249 jejuniis
1062 2175 1093 2230 et
1115 2167 1268 2232 oratioue.

228 2289 364 2356 8Οιιιηί.)
387 2293 477 2368 enim,
502 2292 556 2373 qui
579 2310 644 2354 oon
668 2288 832 2369 confessae
853 2289 961 2369 suerit,
985 2291 1090 2354 desum
1113 2289 1271 2353 Christum

139 2398 173 2460 in
198 2415 292 2459 corate
314 2398 449 2473 uenisse,
473 2397 678 2460 autichristus
701 2405 765 2470 est;
789 2404 820 2459 et
842 2398 893 2478 qui
915 2415 975 2460 non
998 2395 1158 2460 confessus
1179 2393 1270 2458 fuerit

137 2503 312 2585 martyrium
339 2503 453 2581 crocis,
483 2522 522 2565 ex
553 2502 671 2566 diabolo
703 2507 765 2579 est,
797 2508 827 2564 et
858 2503 908 2582 qui
939 2501 1057 2584 etoquia
1083 2500 1202 2563 Domini
1230 2496 1269 2561 ad

139 2607 291 2671 desideria
324 2624 378 2669 sua
411 2606 575 2670 traduxerit
609 2608 794 2689 dixeritque,
834 2627 891 2670 nee
924 2608 1176 2671 resurrectionem
1211 2622 1269 2669 neo

135 2713 280 2797 judicium
315 2729 408 2796 esse,
440 2713 486 2776 hio
520 2714 736 2796 primogenitus
769 2719 815 2776 est
849 2713 983 2775 Seianae.
1038 2710 1109 2774 ideo
1144 2706 1269 2771 *retin-

140 2823 267 2901 quontes
298 2814 483 2880 ⁵vanitatem
512 2819 669 2882 multorum
699 2824 729 2881 et
758 2817 848 2880 falsas
879 2816 1046 2894 doctrinas,
1077 2814 1114 2877 ed
1146 2807 1271 2875 ⁶tradi-

140 2931 199 2986 tarn
222 2922 309 2985 nobis
331 2922 367 2985 ab
391 2923 472 2984 initio
496 2921 659 2985 doctrinam
682 2929 883 3001 emoriemur,
917 2916 1111 3002 ⁷oi9itoatee
1135 2920 1168 2980 ia
1193 2938 1270 2981 oro·

140 3028 281 3092 tionibus
305 3032 335 3088 et
356 3033 585 3110 perseverantes
609 3029 638 3090 in
658 3028 792 3111 jejuniis,
816 3027 955 3108 precibus
979 3032 1122 3109 rogantes
1143 3024 1271 3086 omnium

140 3138 369 3213 conspectorom
394 3133 504 3213 Deum,
536 3126 602 3195 ⁸oe
633 3153 692 3195 nos
722 3133 855 3194 induent
882 3131 916 3191 ire
945 3132 1163 3205 tentationem,
1195 3128 1272 3189 sicut

140 3236 215 3300 dixit
245 3238 404 3302 Dominus:
438 3233 598 3320 ⁹spir·itua
632 3239 756 3332 quidem
787 3245 929 3317 promtus
962 3244 1026 3317 est,
1061 3255 1138 3298 caro
1171 3241 1272 3296 eutem

141 3342 275 3421 infirma.

332 3534 403 3597 vttt.
449 3531 652 3600 Perseverate
675 3534 709 3596 ia
732 3553 789 3615 epe
811 3540 842 3598 et
863 3534 896 3597 in
916 3533 1083 3614 patientia.

231 3652 438 3720 indesinenter
461 3675 535 3739 ergo
558 3674 789 3737 perseveremus
820 3657 848 3718 in
879 3675 934 3737 spe
964 3664 1067 3719 nostra
1090 3661 1118 3717 et
1143 3653 1272 3736 pignore

137 3762 273 3844 justitiae
296 3769 426 3839 nostrae,
452 3762 530 3843 quod
554 3766 599 3823 est
614 3760 702 3824 iesus
720 3761 864 3837 Christus,
893 3758 917 3798 '⁰
931 3762 985 3841 qui
1005 3768 1138 3840 peceato
1160 3766 1274 3820 nostru

142 3868 177 3927 in
192 3885 326 3945 corpore
340 3886 398 3929 suo
418 3885 513 3946 super
532 3868 647 3952 tiquam
661 3868 802 3945 pertulit,
830 3865 849 3903 ¹¹
862 3867 915 3947 qui
928 3875 1090 3946 peccatum
1105 3882 1168 3927 aon
1183 3860 1271 3939 feeit,

142 3990 200 4032 neo
223 3971 368 4033 inuentus
391 3979 438 4033 est
461 3972 554 4034 dotus
578 3971 611 4033 iu
634 3991 689 4037 ore
713 3973 800 4051 ejus,·
823 3970 876 4033 sed
900 3979 1024 4052 propter
1047 3988 1121 4047 nos,
1147 3965 1172 4007 ¹²
1189 3973 1221 4030 ut
1244 3968 1274 4031 in

142 4075 210 4156 ipso
227 4075 369 4153 vivamus,
390 4073 414 4113 ¹³
424 4077 521 4139 omnia
537 4077 684 4138 sustinuit.
718 4076 886 4138 imitatores
903 4076 992 4156 igitur
1006 4078 1097 4138 simus
1114 4074 1274 4156 patientiae
1292 4123 1295 4130 .

142 4182 210 4262 ejus
218 4199 228 4256 ;
252 4182 329 4244 etsi
356 4178 534 4263 '‘patiamur
557 4188 679 4264 propter
701 4199 811 4244 nomen
834 4180 915 4262 ejus,
938 4180 1034 4262 gloria
1058 4180 1137 4243 iitnm
1165 4175 1272 4240 ¹⁵atu-

180 4422 209 4486 5)
228 4418 279 4473 Cir.
303 4438 379 4492 supra
397 4440 419 4476 c.
439 4421 469 4474 2:
495 4417 566 4488 κενῆν
587 4441 694 4489 ματαιο-
739 4421 784 4486 12)
804 4419 855 4473 Cir.
875 4420 886 4474 l
903 4421 960 4474 Joh.
980 4423 1006 4487 4,
1025 4423 1049 4474 9.

140 4509 234 4574 λογίαν.
467 4561 469 4564 ,
741 4509 784 4570 13)
804 4507 854 4560 Cir.
879 4508 933 4577 ign.
958 4508 989 4559 ed
1011 4508 1097 4575 Poiyc.
1124 4523 1147 4558 o.
1172 4505 1203 4558 ³:
1229 4500 1274 4555 re'v

179 4594 211 4650 6)
231 4591 282 4646 Cir.
301 4594 382 4648 Judue
400 4595 425 4647 3.
721 4592 784 4645 eard
809 4592 891 4645 andree
911 4593 1003 4662 τρόπον
1027 4592 1059 4645 δι’
1076 4578 1138 4658 ’ἡμᾶς
1165 4589 1275 4656 ὑπομεί-

179 4682 210 4748 7)
231 4681 240 4732 1
260 4678 326 4732 Patr.
345 4684 372 4747 t,
390 4683 414 4734 t.

178 4767 210 4831 8)
228 4765 315 4819 Uettio.
334 4769 360 4830 6,
381 4768 420 4821 13.
441 4770 483 4836 16,
503 4769 546 4823 11.
743 4770 789 4824 11)
808 4769 864 4822 Act.
885 4771 910 4832 5,
930 4770 972 4821 11.
1001 4765 1097 4819 iPetr.
1115 4767 1142 4828 1,
1163 4764 1205 4818 to.

179 4853 210 4919 a,
229 4853 314 4905 aaran
334 4854 376 4921 oo,
395 4856 437 4909 tr.
461 4857 537 4909 aare.
558 4857 601 4922 tt,
619 4856 661 4909 uo.
709 4841 712 4859 ¹
742 4858 788 4916 tm
809 4856 843 4908 m
855 4856 1013 4908 recount·
1032 4869 1046 4904 ο
1065 4851 1122 4904 coa.
1142 4851 1274 4903 uerren-

163 4941 209 5001 10)
230 4939 325 4993 iPetr.
343 4941 369 5005 2,
388 4942 432 4996 21.
723 4943 901 4997 Laurentiano.
937 4939 1009 5009 tuta
1028 4935 1167 5004 δοξᾶζομέν·

160 5028 209 5094 an
228 5025 240 5078 r
258 5026 326 5081 ear.
345 5029 371 5099 e,
390 5029 445 5100 aa.
708 5000 713 5085 i
