3067 6450
282 1183 1058 1259 ‘mauaarnsronuraaaur.s1nu1r.vm.
1191 1209 1254 1274 401
1366 1198 1371 1221 ¹

131 1381 203 1446 pars
226 1365 327 1446 populi
344 1364 513 1447 hujusmodi
530 1364 630 1446 virgas
647 1364 829 1447 porrigebat,
853 1369 882 1427 et
903 1383 1040 1446 magnum
1056 1384 1095 1427 ex
1111 1364 1157 1430 his
1174 1385 1256 1430 nun-

131 1471 192 1531 tius
214 1469 264 1530 ille
286 1469 426 1552 gaudium
450 1469 545 1550 cepit3
570 1473 599 1529 cl
622 1468 651 1530 lri
674 1486 811 1531 seorsum
833 1471 1047 1533 statuebantur.
1092 1470 1148 1533 Alii
1175 1471 1254 1534 ¹ad-

132 1572 271 1637 lerebant
285 1575 387 1655 virgas
403 1591 474 1637 suas
490 1573 612 1651 virides,
634 1579 664 1634 et
678 1575 833 1654 pampinos
849 1572 1002 1651 hahentes,
1025 1579 1055 1636 et
1070 1573 1100 1636 hi
1119 1592 1256 1637 seorsum

131 1668 349 1740 statuebantur.
393 1678 429 1740 Et
452 1679 508 1740 hos
531 1695 652 1758 quoque
675 1680 794 1740 nuntius
818 1678 866 1740 ille
892 1696 1087 1760 magnacum
1111 1679 1258 1742 hilaritate

132 1782 310 1862 excipiebat.
355 1780 411 1843 Alii
435 1781 598 1844 allerebant
621 1782 722 1861 virgas
744 1799 814 1844 suas
838 1782 969 1862 virides,
1004 1783 1173 1863 exquibus
1198 1801 1255 1844 ex-

130 1893 292 1949 creverant
315 1886 442 1967 pampini
466 1904 577 1963 earum,
600 1887 650 1966 qui
675 1886 802 1968 pampini
828 1887 972 1967 quosdam
996 1885 1109 1950 fructus
1131 1885 1257 1950 adlcre-

131 1991 213 2053 bant.
259 1990 315 2063 Oui
343 1989 513 2071 hujusmodi
543 1991 643 2072 virgas
674 1991 883 2072 porrigebant,
914 1990 1001 2053 valdo
1031 1991 1140 2053 hilares
1171 1997 1257 2054 erant

132 2094 235 2168 vullu;
264 2093 318 2156 sed
348 2100 377 2156 et
407 2094 527 2157 nuntius
559 2095 623 2176 ipse
653 2094 771 2175 quidem
802 2114 842 2157 ex
874 2096 917 2158 eis
950 2113 1085 2179 magnam
1115 2096 1256 2159 laetitiam

131 2199 317 2281 percipiebat
325 2219 334 2274 3
359 2217 415 2260 nec
437 2199 533 2261 minus
557 2205 659 2279 pastor
681 2198 729 2260 ille
751 2218 817 2262 cum
842 2217 880 2261 eo
896 2220 935 2262 ex
952 2199 1055 2264 eadem
1072 2217 1161 2264 causa
1177 2199 1257 2262 hila-

131 2305 250 2365 ritatem
273 2302 416 2384 capiebat.

221 2407 254 2469 ll.
299 2407 383 2469 Tunc
413 2409 532 2470 nuntius
556 2409 672 2471 Domini
704 2426 833 2472 coronas
859 2408 949 2491 jussit
978 2407 1098 2471 adlerri.
1144 2407 1258 2471 Allalae

132 2517 204 2575 sunt
226 2516 323 2574 autem
339 2529 471 2574 coronae
488 2512 568 2574 velut
585 2532 625 2575 ex
639 2513 743 2596 palmis
760 2513 866 2591 iactae,
886 2518 916 2574 et
931 2514 1086 2576 coronavit
1104 2531 1158 2576 eos
1174 2513 1257 2575 viros

133 2618 272 2695 nuntius,
301 2617 330 2679 in
363 2634 488 2697 quorum
522 2618 614 2700 virgis
644 2619 799 2700 pampinos
822 2619 976 2680 invenerat
1000 2624 1030 2678 et
1053 2616 1197 2693 lruclum;
1229 2622 1258 2679 el

128 2721 222 2804 jussit
245 2739 299 2784 eos
323 2722 366 2784 ire
391 2722 419 2784 in
442 2719 582 2785 ²lurn'm.
629 2722 687 2786 Sed
720 2729 750 2784 ct
779 2722 845 2785 illos
875 2723 958 2785 viros
991 2721 1069 2783 misit
1092 2721 1121 2782 in
1146 2722 1259 2799 turrim,

132 2828 162 2889 in
189 2845 315 2907 quorum
338 2828 431 2909 virgis
447 2827 513 2889 sine
529 2826 626 2890 lructu
643 2827 799 2891 invenerat
815 2828 979 2909 pampinos,
1002 2826 1071 2890 dato
1088 2826 1132 2889 eis
1148 2826 1258 2908 sigillo.

131 2932 209 2995 Nam
233 2936 344 2993 vestem
368 2931 501 2994 eamdem
524 2930 687 3009 habebant,
718 2932 746 2993 id
771 2938 833 3011 est,
864 2931 1018 2995 candidam
1041 2931 1118 2994 sicut
1141 2932 1258 3006 nivem3

133 3055 202 3099 cum
226 3055 282 3117 qua
302 3037 426 3118 jubebat
448 3036 530 3116 ipsos
553 3036 597 3097 ire
620 3036 649 3099 iu
673 3036 783 3098 turrim.
828 3036 892 3098 Nec
919 3037 1016 3099 minus
1045 3041 1075 3097 et
1105 3052 1176 3112 eos,
1206 3033 1257 3113 qui

133 3139 327 3203 reddiderant
350 3140 451 3224 virgas
473 3157 543 3202 suas
566 3140 651 3202 sicuti
674 3147 854 3221 acceperant
873 3141 993 3218 virides,
1016 3139 1083 3202 dala
1107 3139 1151 3201 eis
1171 3143 1257 3201 veste

134 3244 279 3321 candida3
303 3251 333 3307 et
353 3246 398 3307 sic
420 3261 475 3307 eos
499 3244 607 3308 dimisit
628 3245 672 3306 ire
696 3245 725 3307 in
748 3246 859 3308 turrim.
904 3245 956 3307 llis
979 3242 1188 3307 consummatis
1217 3241 1258 3304 ait

133 3350 171 3412 ad
206 3356 354 3431 pastorem
385 3348 483 3411 illum:
517 3367 602 3431 ,ego
633 3350 729 3425 vado;
760 3347 819 3414 ³tu
849 3368 924 3413 vero
956 3350 1068 3412 dimitte
1095 3348 1151 3413 hos
1181 3348 1256 3411 intra

133 3472 255 3532 muros,
286 3455 316 3515 in
339 3471 377 3516 eo
400 3453 486 3531 loco,
517 3471 577 3533 quo
601 3454 727 3534 quisque
751 3455 856 3517 meruit
879 3455 1030 3533 habitare,
1061 3450 1257 3517 consideratis

132 3559 218 3640 prius
242 3558 335 3640 virgis
358 3576 461 3620 eorum
485 3556 659 3640 diligentem
683 3564 796 3638 lamen,
827 3578 865 3622 ne
898 3562 964 3641 quis
994 3566 1024 3622 le
1054 3558 1148 3636 fallat,
1179 3575 1258 3620 con-

133 3663 244 3725 sidera.
288 3661 347 3726 Sed
372 3668 401 3724 et
424 3664 450 3724 si
474 3663 541 3742 quis
565 3669 593 3724 te
615 3663 821 3743 praeterierit,
853 3664 964 3744 inquit,
996 3681 1054 3745 ego
1082 3680 1136 3725 eos
1165 3678 1258 3741 super

133 3785 216 3829 aram
238 3766 402 3847 probabo.“
441 3766 493 3829 llis
518 3767 554 3829 ad
578 3776 726 3850 pastorem
751 3766 835 3829 dictis
858 3768 993 3831 recessit.
1033 3767 1189 3847 Postquam
1206 3764 1276 3828 ille.

134 3870 325 3950 discesserat,
347 3872 387 3933 ait
410 3870 478 3933 milri
502 3877 621 3952 pastor:
648 3871 846 3952 ,accipiamus
869 3873 905 3934 ab
930 3872 1065 3934 omnibus
1091 3869 1203 3950 virgas,
1227 3873 1259 3929 et

133 3975 298 4057 plantemus
330 3975 412 4052 illas,
446 3976 472 4037 si
502 3976 618 4057 possint
648 3973 870 4038 revirescere.“
917 3975 991 4038 Dico
1022 3976 1067 4037 ei:
1102 3971 1258 4053 ,domina

133 4081 221 4158 istae,
244 4098 321 4161 quae
343 4086 412 4142 sunt
434 4079 536 4142 aridae
558 4080 673 4161 uirgae,
697 4096 756 4159 quo
773 4077 861 4141 ruodo
878 4085 1003 4160 possunt
1021 4075 1256 4141 revirescerel“

134 4183 185 4246 Ait
207 4183 294 4245 mihi:
328 4186 446 4262 ,arbor
476 4184 529 4245 ista
554 4183 630 4245 salix
653 4188 714 4261 est,
745 4190 775 4245 et
804 4201 924 4264 semper
955 4188 1032 4244 amat
1055 4177 1182 4245 ‘vitam
1228 4180 1259 4246 Si

133 4288 281 4369 plantatae
299 4306 373 4370 ergo
390 4287 500 4351 luerint
514 4288 571 4350 liae
584 4289 698 4371 virgae,
716 4288 919 4369 exiguumque
931 4286 1065 4349 humoris
1077 4285 1259 4368 acceperint,
1352 4357 1354 4362 ¹
1443 4313 1446 4320 ·

133 4391 279 4473 plurimae
309 4410 348 4453 ex
379 4392 422 4455 eis
452 4391 647 4453 revirescent.
693 4392 826 4454 Tentabo
858 4392 935 4453 enim
967 4397 998 4454 et
1024 4390 1191 4455 sullundam
1214 4389 1259 4452 eis

170 4596 200 4663 l]
217 4594 248 4646 lli
266 4604 325 4646 sunt
344 4601 524 4665 conferrem,
544 4598 586 4663 qui
601 4612 684 4648 vexa·
710 4598 815 4659 tentiae,
834 4597 850 4647 ii
862 4596 1004 4661 traduntur,
1017 4596 1107 4664 quibus
1119 4593 1259 4661 poeniteu-

133 4684 217 4735 tiones
228 4680 262 4743 pb
272 4681 346 4733 fidem
357 4684 472 4750 perpessi
482 4691 548 4735 suut.
570 4681 620 4735 co.
630 4700 651 4734 o.
660 4681 684 4734 3.
712 4685 744 4734 tiu
764 4691 803 4735 est
823 4667 937 4751 agendas
968 4681 1018 4734 co.
1037 4698 1059 4732 c.
1078 4681 1102 4733 3.

168 4770 197 4829 2)
218 4767 312 4821 Omnes
331 4769 356 4818 iu
377 4770 465 4820 turrim
485 4770 623 4834 mittuntur,
643 4770 684 4837 qui
745 4771 775 4836 l)
794 4768 812 4821 l,
825 4785 848 4820 e.
865 4772 1012 4838 Lipara-um
1028 4770 1145 4821 relicum
1162 4776 1261 4821 aalma

135 4854 316 4907 satisfecerunt
333 4852 386 4921 legi
402 4849 683 4909 etaervaverunt'eam.
711 4874 742 4910 ea
759 4866 815 4920 eat,
840 4865 870 4909 ut
893 4858 1010 4922 msueta
1033 4855 1110 4921 uret,
1136 4855 1165 4907 ri
1183 4854 1260 4908 arado

135 4940 188 4993 cfr.
206 4957 230 4993 c.
249 4939 274 4990 3.
325 4929 327 4933 ’
711 4947 791 5012 aquic
804 4945 956 5006 adluuntur,
976 4942 1119 4992 virescant.
1143 4937 1168 4992 S.
1181 4938 1259 4991 ffilar.

171 5028 199 5091 ³)
218 5026 333 5094 Pastori,
352 5028 394 5097 qui
413 5038 452 5081 ert
471 5030 572 5081 nuntius
589 5029 682 5096 poeni·
710 5028 742 5079 ad
761 5028 800 5080 Pa.
822 5026 878 5078 136.

187 5131 328 5182 narramur.
345 5130 381 5171 aa.
398 5132 432 5173 ιν.
1009 5111 1051 5178 26

1106 5283 1232 5317 ᾖ.
