3067 6450
390 1174 585 1230 nuntiaturi
604 1177 631 1236 S.
649 1175 840 1233 toarcensi.
859 1178 923 1234 xxi.
939 1179 1015 1236 xxn.
1201 1188 1265 1254 295

136 1336 250 1401 mensis
274 1335 402 1400 ineuntis
426 1335 474 1399 die
505 1338 657 1418 seeundo,
689 1347 758 1402 ente
788 1341 943 1422 septimum
967 1340 1112 1406 calendas
1140 1303 1266 1426 'Maias

137 1441 274 1526 'magno
297 1442 432 1522 sabbato,
456 1443 530 1507 hora
554 1439 693 1509 ‘octava
739 1443 849 1525 Captus
873 1452 919 1507 est
943 1443 1064 1510 ‘autem
1084 1448 1119 1511 ab
1136 1447 1267 1528 llerode,
1362 1465 1371 1490 ι

137 1548 194 1611 sub
219 1544 383 1629 ⁵pontiliee
406 1547 539 1629 Philippo
563 1548 732 1626 Tralliano,
764 1549 945 1628 proconsule
968 1545 1085 1613 ⁶Statio
1106 1550 1267 1631 Quadrato,

136 1658 285 1736 regnante
314 1658 410 1714 autern
433 1652 461 1713 in
485 1652 586 1715 secula
610 1651 684 1715 lesu
707 1651 844 1728 Christo;
876 1653 922 1715 cui
947 1654 984 1715 sit
1015 1654 1128 1736 gloria,
1159 1655 1267 1736 honor,

137 1758 297 1838 majestas,
321 1756 446 1820 thronus
468 1758 686 1839 sempiternus,
719 1773 736 1818 a
759 1757 955 1839 generatione
978 1757 1007 1819 in
1030 1761 1266 1841 generationem,
1309 1841 1311 1843 Ι

137 1861 253 1927 Amant

300 2051 389 2115 xxm
434 2050 603 2114 salutatio.
648 2049 810 2130 Epistolce
832 2052 1103 2133 transcriptores.

228 2175 387 2257 Optamus,
419 2173 543 2252 iratres,
574 2190 629 2237 vos
657 2172 759 2236 ualere
789 2192 824 2237 ac
855 2173 998 2237 incedere
1027 2176 1056 2237 in
1088 2174 1266 2256 evangelieo

137 2298 280 2344 sermone
309 2278 382 2342 Jesn
414 2278 539 2355 Christi3
574 2298 641 2342 curn
673 2297 733 2361 quo
764 2280 864 2363 gloria
891 2282 930 2345 sit
956 2282 1039 2360 Deo,
1074 2286 1104 2343 et
1129 2280 1206 2343 Patri
1237 2285 1268 2343 et

138 2386 261 2468 Spiritui
283 2391 396 2465 sancto,
421 2386 459 2449 oh
481 2391 650 2448 sanctorum
668 2385 830 2448 electorum
855 2386 997 2463 salutem;
1021 2382 1267 2468 quemadmodum

136 2492 244 2554 beatus
267 2490 448 2573 Polycarpus
471 2492 644 2573 martyrium
667 2489 801 2572 pertulit,
833 2491 870 2553 ed
896 2493 982 2575 eujus
1007 2492 1135 2574 vestigia
1157 2492 1267 2555 utinam

138 2595 325 2659 inveniamur
348 2596 378 2659 in
400 2612 499 2677 regno
522 2593 597 2666 lesu
620 2594 746 2657 Christi!

226 2699 325 2781 Atque
341 2699 417 2764 hoec
435 2718 475 2762 ex
499 2699 604 2764 codice
619 2699 746 2779 irenaei,
770 2698 906 2783 discipuli
921 2701 1086 2787 Polycarpi,
1110 2701 1270 2783 descripsit

136 2799 275 2888 7liujus,
304 2805 354 2886 qui
385 2813 415 2869 et
444 2806 509 2887 ip'se
538 2823 604 2869 curn
627 2805 751 2870 lrenaeo
784 2814 979 2871 conversatus
1002 2814 1056 2870 est
1100 2807 1167 2890 Ego
1192 2824 1267 2870 vero

137 2911 282 2976 Socrates
305 2910 438 2975 Corinthi
462 2928 503 2973 ex
526 2909 589 2994 Caji
612 2912 776 2995 exemplari
805 2912 881 2975 haec
907 2911 1061 2997 descripsi.
1107 2912 1206 2976 Gratia
1229 2912 1268 2976 sil

138 3033 205 3079 com
229 3015 374 3079 omnibus.

226 3120 264 3184 Et
295 3121 439 3203 posthaec
455 3112 532 3202 lego
563 3119 683 3185 Pionius
716 3141 756 3185 ex
786 3123 996 3205 suprascriptis
1028 3122 1103 3185 haec
1134 3121 1265 3200 exaravi,

137 3235 295 3312 postquem
326 3227 374 3289 illa
408 3227 671 3308 perquisivissern,
703 3236 734 3291 et
766 3222 900 3291 ⁸heatus
927 3227 1109 3310 Polycarpus
1141 3245 1177 3289 ee
1211 3244 1267 3308 per

137 3332 354 3398 revelationem
384 3331 454 3394 mihi
486 3332 724 3414 manifestasset,
754 3340 789 3397 ut
818 3333 847 3395 io
877 3332 1070 3414 sequentibus
1096 3330 1265 3396 declarabo.

138 3438 256 3523 Collegi
289 3456 341 3517 ea,
376 3438 593 3519 propemodum
627 3458 667 3502 err
698 3439 840 3520 temporis
871 3436 1061 3500 diuturnitate
1093 3435 1266 3515 fatiscentia,

138 3551 171 3607 ut
193 3562 242 3606 me
264 3560 386 3624 quoque
408 3560 474 3604 com
497 3542 601 3606 electis
624 3544 687 3606 suis
710 3537 769 3606 ⁹in
791 3560 917 3627 regnum
937 3558 1022 3604 suum
1041 3540 1175 3604 coeleste
1197 3539 1266 3604 col-

138 3649 210 3732 ligat
239 3647 382 3711 Dominus
413 3645 502 3709 lesus
536 3647 688 3727 Christus,
723 3647 771 3710 cui
805 3648 844 3710 sit
873 3646 988 3729 gloria,
1022 3663 1087 3706 cum
1117 3644 1203 3707 Patre
1236 3648 1267 3707 et

137 3753 250 3835 Spiritu
271 3757 386 3831 sancto,
410 3752 440 3814 in
463 3751 565 3815 secula
586 3753 767 3817 seculorum.
811 3751 926 3820 Amenl

139 3940 327 3994 solemnitatem
347 3940 476 3994 antecedit
496 3964 532 3990 =
552 3941 689 3995 Sabbatum
753 3946 781 4010 5)
801 3942 849 4005 Qui
862 3941 932 4012 priua
945 3939 980 4007 (c.
994 3939 1047 4004 12.)
1060 3932 1182 4004 dordogne,
1200 3951 1267 3989 nnnc
1301 3982 1303 3987 .

139 4037 263 4081 unctum
290 4032 365 4081 Paer.
716 4027 834 4099 ἅρχωριιὶς
852 4028 999 4098 appellitur.
1027 4030 1123 4078 Uesta·

175 4116 207 4184 3)
224 4115 243 4167 1.
262 4130 287 4166 e.
306 4123 365 4167 anta
385 4115 530 4181 meridiem
552 4132 603 4169 neu
622 4117 690 4169 enirn
752 4119 782 4185 6)
800 4118 844 4171 lle.
864 4117 930 4174 male
948 4115 1079 4178 Στρατίου.

140 4203 174 4255 da
200 4200 329 4268 hemana,
356 4202 403 4256 ead
428 4203 460 4255 de
479 4204 594 4257 Asiatica.
615 4204 691 4255 horae
753 4206 781 4269 7)
806 4203 925 4257 Fortasse
949 4198 1040 4267 cajus,
1065 4198 1201 4267 presbyter
1226 4197 1268 4249 ille

139 4290 304 4358 computandi
333 4291 432 4343 ratione
462 4289 502 4342 hic
532 4298 571 4342 eet
596 4305 690 4355 sermm
719 4291 855 4344 Romanoa.

140 4377 231 4431 adem
254 4376 365 4441 scilicet,
393 4392 442 4447 qua
469 4393 517 4430 nee
543 4377 620 4430 hodia
639 4378 691 4428 utl-
752 4380 783 4447 8)
800 4377 870 4429 llaec
882 4374 963 4428 verba
975 4377 1018 4423 τοῦ
1033 4369 1267 4448 ¹picenae-‘eoecedd

140 4481 204 4517 mur.
232 4467 376 4517 Jacorsor.
718 4464 797 4517 Paria.
816 4472 843 4515 et
857 4461 968 4515 Baroce.
983 4458 1266 4512 restituitlaeoheonne.

175 4553 206 4616 4)
226 4547 379 4605 Particularia
398 4548 426 4602 da
443 4551 514 4603 addit
524 4550 580 4604 lae.
598 4565 613 4603 e
632 4549 689 4603 ced.
707 4550 711 4558 '
752 4551 782 4616 9)
802 4549 885 4603 Verba
904 4548 936 4606 εἰς
953 4545 997 4613 τήν
1009 4576 1041 4588 -
1056 4542 1131 4595 αὐτοῦ
1148 4551 1267 4613 praeter·

141 4636 221 4692 aare.
595 4711 599 4722 ἢ
717 4640 823 4692 miserat
839 4635 964 4692 Umeriua.
990 4639 1133 4727 Jaooasor.

602 4871 809 4888 m.
