3067 6450
171 1170 236 1236 390
355 1160 491 1217 munna
510 1157 646 1213 rssrou.
683 1153 780 1210 creua
800 1153 841 1209 m.
879 1122 1003 1209 unuin.
1023 1153 1054 1207 v.
1073 1152 1117 1208 vr.

102 1398 105 1402 ,
170 1328 284 1392 scilicet
299 1324 429 1407 corpori,
452 1320 532 1403 quod
551 1320 675 1383 servivit
690 1315 811 1399 Spiritui
827 1321 931 1378 sancto
947 1316 1014 1379 sine
1030 1317 1167 1398 querela,
1196 1315 1295 1381 'locus

170 1432 276 1514 aliquis
292 1427 473 1493 consistendi
491 1426 621 1502 daretur,
647 1442 685 1484 ne
702 1421 855 1484 videretur
872 1420 1042 1482 mercedem
1057 1423 1215 1485 servitutis
1231 1442 1297 1486 suae

171 1535 347 1618 perdidisse.
386 1532 520 1614 Accipiet
542 1531 619 1591 enim
643 1525 812 1589 mercedem
831 1543 918 1586 omne
935 1542 1045 1606 corpus
1061 1544 1170 1608 purum
1187 1547 1223 1589 ac
1240 1530 1298 1590 sinc

170 1640 285 1703 mocula
315 1645 484 1720 repertum,
517 1632 576 1696 ²in
606 1650 666 1714 quo
696 1629 845 1692 babitandi
876 1630 970 1712 gretia
1003 1633 1184 1693 constitutus
1216 1631 1301 1694 luerit

171 1743 297 1826 Spiritus
320 1746 448 1805 sanctus.
495 1739 592 1801 llabes
616 1744 646 1798 et
668 1736 755 1819 hujus
778 1734 975 1797 similitudinis
998 1737 1253 1818 expositionem.“

260 1846 318 1909 Vll.
359 1843 531 1924 „Percepi‚“
557 1842 686 1922 inquam,
712 1841 862 1920 „dominu
886 1846 964 1902 tuam
984 1841 1181 1923 voluntatem,
1207 1843 1301 1907 audite

171 1951 228 2014 bac
251 1947 468 2032 expositione.“
518 1947 615 2028 „Audi
638 1946 799 2024 ulterius,“
831 1946 941 2025 inquit:
977 1963 1109 2028 „corpus
1140 1945 1202 2010 boc
1225 1954 1301 2010 tuum

173 2053 288 2118 custodi
310 2052 450 2115 mundum
474 2058 563 2133 atque
587 2070 701 2133 purum,
726 2057 757 2114 ut
780 2051 900 2132 spiritus
923 2049 984 2130 ille,
1007 2051 1057 2132 qui
1078 2049 1254 2115 inhabitabit
1275 2054 1301 2116 in

173 2177 229 2237 eo,
252 2158 452 2220 testimouium
475 2155 587 2218 reierat
609 2157 669 2235 illi,
699 2161 729 2216 et
759 2162 857 2217 tecum
883 2153 977 2218 luisse
996 2154 1159 2238 judicetur.
1207 2158 1301 2238 Atque

172 2263 260 2326 etiam
284 2261 371 2340 vide,
402 2280 441 2324 ne
465 2259 585 2343 quando
609 2259 826 2340 persuadeatur
849 2260 918 2337 tibi,
950 2261 1073 2322 interire
1100 2278 1216 2342 corpus
1239 2262 1300 2340 boc,

174 2373 203 2430 et
227 2367 357 2429 abutaris
381 2384 418 2428 eo
441 2367 472 2429 in
494 2365 621 2443 libidine
638 2366 744 2446 aliqua.
791 2364 822 2428 Si
851 2365 929 2426 euim
957 2381 1068 2446 corpus
1092 2369 1175 2426 tuum
1200 2384 1300 2428 macu-

173 2472 303 2549 laveris,
334 2469 494 2532 maculabis
527 2471 613 2531 etiam
645 2469 752 2531 eodem
777 2475 912 2551 tempore
936 2476 965 2531 ct
987 2470 1128 2552 Spiritum
1152 2477 1300 2546 sauctum;

175 2581 205 2637 et
227 2576 252 2636 si
275 2574 471 2636 maculaveris
488 2573 627 2656 Spiritum
643 2579 788 2652 sanctum,
811 2591 872 2635 non
889 2573 1002 2636 vives.“
1041 2573 1078 2635 Et
1098 2571 1178 2636 dixi:
1206 2575 1301 2656 „quid

174 2679 199 2740 si
216 2696 271 2758 per
288 2678 482 2761 ignorantiam
501 2677 627 2758 aliquam
645 2677 674 2739 id
690 2678 850 2741 admissum
871 2686 927 2758 est,
950 2685 1115 2759 antequam
1130 2679 1301 2743 audirentur

175 2782 266 2845 verba
289 2781 391 2843 haec?
436 2782 502 2855 Ouo
526 2790 612 2862 pacto
637 2785 807 2864 assequitur
836 2782 958 2845 salutem
989 2785 1033 2862 is,
1064 2785 1118 2864 qui
1148 2785 1300 2848 macularit

174 2901 285 2967 corpus
300 2884 431 2947 suum‘?“
473 2886 673 2964 „Prioribus‚“
699 2889 805 2968 inquit,
830 2887 951 2967 „rebus
968 2887 1017 2967 qui
1033 2906 1090 2968 per
1105 2889 1299 2972 ignorantiam

175 2989 374 3069 admiserunt,
406 2989 570 3054 remedium
601 2991 734 3055 tribuere
763 2991 847 3055 solus
871 2991 952 3053 Deus
976 2998 1095 3072 potest;
1129 2996 1197 3076 ejus
1229 2996 1299 3057 euim

175 3101 221 3158 est
244 3096 338 3157 omnis
362 3100 502 3176 potestqs.
550 3095 608 3160 Sed
631 3113 711 3160 nunc
733 3095 851 3159 custodi
873 3104 902 3157 tc
909 3117 918 3172 3
943 3102 972 3158 et
993 3114 1082 3176 quum
1106 3099 1146 3160 sit
1160 3099 1298 3161 Dominus

175 3200 360 3281 omnipotens
385 3206 413 3262 et
437 3200 617 3282 misericors,
640 3203 790 3282 prioribus
814 3200 949 3265 admissis
973 3199 1139 3264 remedium
1165 3201 1255 3281 dabit,
1276 3203 1297 3264 si

174 3305 203 3365 in
227 3302 356 3366 iuturum
379 3323 439 3367 non
460 3306 653 3368 maculaveris
673 3324 783 3387 corpus
802 3311 883 3367 tuum
904 3310 933 3367 et
950 3305 1094 3386 spiritum.
1137 3304 1296 3368 Consortes

174 3413 243 3496 sunt
278 3410 355 3469 enim
391 3410 494 3489 arnbo,
533 3418 562 3473 et
593 3412 736 3473 alteruter
764 3412 830 3473 sine
860 3410 954 3471 altero
985 3426 1046 3471 nou
1080 3409 1295 3491 coinquinatur.

174 3509 338 3592 Utrumque
361 3530 434 3594 ergo
458 3529 546 3576 serva
569 3514 718 3595 mundum,
744 3521 774 3577 et
796 3517 881 3578 vives
905 3514 1000 3577 Deo.“

612 3670 788 3752 Similitudo
815 3670 865 3752 ill.

161 3786 221 3868 'Dc
243 3807 361 3887 duplici
381 3827 494 3886 penei-c
519 3808 676 3872 dominum
698 3812 964 3891 collectariorum,
998 3819 1028 3873 ct
1058 3831 1168 3875 corum
1195 3822 1294 3889 morto,

427 3910 600 3987 desectione
622 3924 652 3975 ct
670 3936 845 3996 poenorum
867 3918 1046 3980 duratione.

263 4026 283 4089 l.
330 4028 424 4102 Ouum
457 4029 593 4092 sederem
626 4032 721 4116 domi,
756 4045 786 4100 et
819 4037 1019 4120 glorificarem
1053 4038 1213 4101 Dominum
1249 4055 1295 4120 pro

176 4129 329 4209 omnibus,
361 4150 437 4213 quae
467 4133 616 4215 videram,
648 4139 738 4202 etde
764 4142 908 4204 mandatis
934 4143 1115 4225 cogitarem,
1150 4161 1187 4206 ea
1219 4144 1296 4206 valde

175 4234 254 4295 bonu
279 4254 347 4297 esse
370 4244 398 4298 et
422 4257 528 4322 magna
553 4248 581 4302 et
598 4241 722 4305 honesta
739 4246 877 4325 aulacia,
899 4254 929 4309 et
945 4265 1022 4327 quae
1043 4248 1164 4328 possint
1182 4249 1297 4311 salutem

177 4336 326 4398 bominum
350 4338 478 4418 ailerre3
503 4345 577 4407 intra
601 4365 648 4407 me
672 4348 766 4428 ipsum
790 4350 865 4411 baec
887 4350 1036 4413 dicebam:
1066 4350 1162 4428 „felix
1185 4370 1258 4429 ero,
1278 4350 1298 4413 si

177 4442 206 4503 in
230 4442 276 4504 his
301 4443 444 4506 mandatis
467 4449 676 4527 ambulavero;
708 4458 737 4513 et
768 4455 948 4535 quicumque
978 4455 1006 4515 in
1030 4445 1077 4516 bi's
1101 4455 1298 4529 ambulaverit,

213 4630 241 4698 1)
278 4633 367 4686 Locus
404 4635 568 4686 consistendi
597 4656 631 4684 =
663 4632 726 4685 clad-
753 4647 808 4691 turc
830 4658 878 4695 nec
897 4644 1061 4696 consistendi
1077 4646 1119 4696 cic
1138 4646 1228 4698 locum
1245 4658 1297 4711 per·

178 4735 274 4778 nacon,
302 4721 384 4788 cclipc
406 4722 576 4791 Votiendunq,
606 4729 634 4772 ut
660 4724 727 4791 apud
754 4727 879 4780 mittebat.

179 4800 334 4856 Clementem
352 4808 377 4857 iu
396 4804 425 4858 ll.
444 4806 475 4856 ad
495 4804 552 4858 Cor.
573 4822 594 4858 e.
614 4807 638 4857 5.
675 4808 726 4861 Cir.
790 4813 818 4876 2]
843 4814 899 4865 lion
922 4813 1002 4865 solum
1026 4816 1050 4865 in
1074 4831 1186 4884 corpora
1206 4815 1297 4876 cunm,

180 4887 257 4940 Simil.
278 4890 318 4941 vt.
348 4908 369 4943 c.
389 4891 419 4957 2,
451 4891 494 4943 ubi
525 4907 618 4961 graeca
647 4895 727 4947 verba
753 4898 801 4949 sed
820 4908 846 4950 ct
864 4902 889 4951 in
908 4900 1057 4968 corporibus
1076 4900 1208 4955 hominum
1225 4904 1296 4970 Spiri-

179 4968 312 5023 drcincvcn
337 4974 417 5035 adroic
445 4975 488 5028 oria
513 4977 597 5029 ididan
618 4991 725 5035 vertun-
753 4982 906 5039 tundivium
922 4985 1034 5052 babitat3
1053 4987 1100 5040 cir.
1115 4988 1295 5058 Mandrum.

99 5127 203 5309 ἱ
