3067 6450
434 1193 614 1249 saansaan
633 1195 798 1255 seurota
827 1199 878 1256 vu
898 1200 961 1255 vm.
1220 1208 1261 1273 ιο

137 1371 289 1432 eremum,
312 1362 342 1417 et
364 1356 462 1419 autent
484 1357 520 1418 ab
544 1357 593 1419 illu
617 1359 729 1438 lanam,
755 1368 785 1422 et
808 1362 888 1442 ponit
912 1383 975 1426 eam
998 1381 1090 1444 super
1114 1361 1261 1446 fruticem,

137 1460 337 1537 quiescatur
364 1459 503 1537 ¹rubns‚·
528 1464 614 1544 cujus
638 1460 802 1545 ‘'geruulna
826 1464 854 1525 in
875 1467 954 1544 agris
979 1474 1097 1546 reperta
1129 1468 1261 1532 solemus
1367 1480 1371 1485 '

136 1560 333 1638 manducar03
364 1561 423 1627 θοι
446 1565 533 1646 huujus
556 1567 649 1628 solius
675 1569 775 1647 vepris
802 1566 915 1629 iunctus
945 1569 1047 1633 dulces
1078 1577 1154 1633 sunt
1202 1572 1261 1635 Cur

135 1684 212 1729 vero
236 1673 267 1728 et
289 1667 371 1731 luae?
417 1669 582 1732 Attendite:
607 1691 701 1732 unium
724 1671 848 1750 quidem
870 1691 965 1749 super
988 1674 1106 1750 altare,
1131 1675 1260 1737 alterum

136 1788 243 1833 aeuum
266 1774 479 1851 nauiculam,
503 1782 532 1836 el
556 1772 694 1856 *quarm
720 1777 770 1855 qul
793 1775 967 1839 nialeulictus
991 1784 1053 1855 est,
1077 1781 1261 1842 coronatur?

136 1870 241 1947 ³0uia
266 1875 407 1938 videbunt
429 1896 496 1940 eum
520 1874 595 1942 ⁶illa
622 1879 670 1941 tie
699 1879 855 1940 habentem
884 1881 962 1941 circa
995 1900 1105 1962 cerpus
1139 1885 1260 1946 talarem

136 1981 320 2057 coccineam,
336 1988 366 2043 et
383 1982 497 2043 dicent:
520 1984 752 2059 nanneticam,
770 2001 857 2062 quem
877 2001 934 2045 uns
952 1985 1110 2064 aliquando
1131 1986 1262 2067 despec-

136 2087 217 2161 tum,
246 2091 451 2165 compunctum
475 2101 510 2145 au
534 2085 648 2147 illusum
672 2085 899 2148 crtueifininuus?
945 2088 1024 2149 Vere
1048 2090 1097 2152 ille
1121 2097 1182 2165 est,
1212 2091 1262 2171 qui

135 2192 207 2249 tuna
232 2205 267 2248 se
297 2188 415 2250 dicebat
445 2208 515 2252 esse
546 2190 635 2252 tilium
659 2191 722 2252 Dei.
771 2185 990 2272 7Οιιειιιιοροω
1021 2196 1100 2256 enim
1129 2194 1262 2256 similis?

136 2290 210 2353 tneo
241 2309 316 2374 ergo
346 2293 459 2356 similes
489 2295 590 2357 hircos
621 2295 763 2375 pulchros
790 2301 819 2356 et
846 2296 986 2375 aequales
1016 2299 1194 2378 postulavit,
1219 2305 1259 2375 ut,

135 2414 228 2476 quum
249 2396 377 2459 viderint
395 2417 462 2460 eum
483 2406 551 2461 tunc
571 2400 757 2476 venientem,
782 2399 980 2479 percellantur
1001 2400 1039 2462 du
1062 2403 1134 2463 hirci
1154 2400 1261 2463 simili-

136 2498 247 2563 tudina.
300 2495 403 2563 ⁸viue
438 2502 526 2585 igitur
556 2504 680 2586 figuram
713 2501 788 2564 Jesu
819 2504 944 2582 passuri.
999 2505 1093 2578 Ouum
1126 2508 1164 2568 ob
1198 2525 1260 2568 rein

136 2623 211 2667 vero
240 2605 335 2667 lanam
368 2607 397 2666 iu
425 2605 521 2667 mettin
552 2609 701 2688 spinarum
732 2607 872 2687 ponunt?
917 2606 948 2668 ld
977 2617 1022 2670 est
1055 2611 1148 2692 figura
1176 2610 1260 2689 Jesu,

134 2708 285 2772 ecelesiae
308 2711 468 2790 preposita.
514 2712 630 2773 Pununt
652 2717 747 2772 autem
772 2711 866 2772 lanam
898 2713 926 2774 iu
959 2714 1069 2793 spinis,
1102 2709 1178 2792 ⁹ut,
1211 2717 1260 2795 qui

135 2814 264 2875 vuluerit
280 2813 374 2875 lanam
393 2815 561 2877 coccineam
584 2815 714 2891 auterre,
736 2835 783 2892 eu,
804 2817 883 2895 quod
900 2818 985 2898 spina
1005 2817 1196 2881 luruuldabilis
1212 2823 1260 2897 sit,

135 2917 244 2980 debeat
267 2918 389 2998 plurimu
412 2918 558 2995 sufferre,
592 2927 621 2980 et
643 2918 798 2981 afflictatus
830 2915 853 2954 ¹⁰
869 2922 954 3001 patiri
979 2921 1064 2982 illius.
1111 2923 1179 2998 Sic,
1211 2924 1260 2985 iu-

134 3019 260 3102 quit¹¹‚
292 3023 342 3103 qui
365 3022 468 3085 volunt
491 3042 537 3084 me
561 3021 664 3084 videm
688 3030 718 3084 et
741 3023 777 3085 ad
803 3043 929 3106 reguum
963 3044 1058 3087 meum
1091 3030 1260 3106 peruenire,

134 3126 245 3188 tabent
269 3145 322 3207 per
345 3127 521 3190 afflictiones
546 3133 576 3188 et
598 3132 743 3222 topmenta
769 3127 926 3208 possidere
950 3150 1005 3192 me.

301 3340 312 3350 ·
364 3318 433 3381 Vlll.
483 3319 583 3381 Vacca
604 3318 703 3381 rubra
728 3356 766 3364 -
793 3329 883 3401 typus
910 3319 1037 3381 Christi.

228 3436 353 3514 ¹²Quam
366 3446 464 3501 autem
475 3439 598 3521 figuram
611 3440 717 3520 putatis
731 3457 810 3517 esse,
824 3438 902 3519 quod
921 3436 945 3476 ¹³
955 3440 1134 3520 praecipitur
1146 3440 1257 3521 lsrae'li,

136 3550 168 3606 ut
189 3543 326 3606 homines
354 3540 376 3579 ¹⁴
392 3551 613 3607 consummatae
637 3544 786 3621 nequitiae
805 3544 965 3623 Juveneam
985 3542 1119 3619 alienant,
1144 3551 1171 3605 et
1195 3566 1258 3607 eam

136 3654 289 3711 mactatam
306 3648 494 3724 cotnburant;
519 3654 608 3728 utque
628 3651 696 3707 tunc
715 3648 799 3727 pueri
817 3646 918 3709 tollant
934 3647 1075 3722 cinerem,
1095 3651 1125 3708 el
1140 3647 1169 3709 in
1188 3667 1257 3710 vasa

136 3751 265 3826 mittant;
291 3760 393 3833 postea
422 3748 564 3815 ¹⁵baculo
580 3751 703 3834 alligent
718 3750 813 3814 lanam
832 3754 1003 3814 coccineam
1022 3770 1088 3813 eum
1109 3751 1256 3834 luyss0p03

136 3864 165 3918 et
182 3858 228 3918 sla
251 3857 391 3938 populum
414 3856 581 3939 singulatim
606 3857 689 3939 pueri
713 3863 882 3938 aspergant,
907 3864 938 3918 ul
962 3852 1013 3917 ¹⁶a
1030 3859 1158 3936 peccatis
1179 3875 1255 3938 pnr-

134 3960 249 4042 petar?
286 3960 429 4042 Aspicite,
453 3962 604 4042 mamutio
630 3954 696 4022 ¹⁷in
715 3961 901 4042 simplicitate
924 3960 1010 4023 nabis
1033 3960 1172 4042 loquatur
1189 3962 1256 4024 Do-

134 4065 241 4139 minus.
288 4064 401 4127 vitulus
423 4065 498 4143 iste,
521 4064 611 4129 Jesus
634 4071 696 4140 est3
720 4064 855 4129 homines
878 4083 1022 4145 nequam,
1045 4065 1095 4145 qui
1118 4064 1255 4144 afferunt,

133 4231 163 4284 ll.
177 4231 205 4285 Τ.
219 4232 231 4284 l
244 4230 302 4285 Cor.
317 4236 343 4298 1,
356 4233 380 4287 6.
400 4234 453 4289 Gal.
467 4236 493 4300 t,
508 4234 547 4287 17.
583 4240 681 4306 ll's'ner,
710 4239 836 4290 edidimus
850 4239 874 4290 in
887 4237 965 4290 libro:
980 4241 1037 4292 Dae
1049 4240 1259 4293 Seuisclureitsu

133 4317 243 4371 (immun.
261 4337 286 4387 p.
306 4320 365 4372 266.
710 4334 759 4376 etc.
780 4340 804 4391 p.
825 4324 935 4375 74-78.

168 4405 215 4473 10]
233 4404 272 4457 tt·
289 4409 382 4461 naun.
403 4408 446 4464 tt..
466 4412 586 4475 κυριῶσαι,
608 4409 682 4463 male.
747 4412 790 4474 ta)
810 4409 884 4461 Num.
907 4412 945 4475 19,
965 4412 981 4461 2
999 4427 1054 4480 sqq.

167 4493 215 4560 11)
235 4492 275 4545 Sc.
303 4496 439 4551 Christus.
476 4497 531 4548 Non
556 4496 683 4564 protertur
746 4496 791 4562 11)
810 4496 879 4548 llaec
896 4505 922 4547 et
940 4498 1014 4548 multa
1035 4497 1186 4566 reliquorum
1206 4515 1256 4550 nun

132 4577 172 4631 tta
202 4588 287 4633 cattus
315 4581 406 4652 aliquis
444 4583 571 4651 euangelii
601 4583 680 4635 loeus.
708 4590 764 4633 aunt
783 4584 807 4632 in
825 4598 846 4634 a.
866 4581 1002 4651 Scriptura.

132 4668 200 4717 Mn.
233 4664 285 4719 cn.
299 4666 385 4718 maath.
401 4669 442 4733 16,
453 4668 519 4731 ,21.;
538 4669 606 4737 quod
619 4686 681 4720 sen·
745 4667 1013 4736 15)Α(1(1.τῷξύλῳ.
1049 4673 1167 4719 Manias.
1204 4667 1255 4720 etr.

132 4766 187 4803 sam
213 4751 289 4817 hujus
316 4755 406 4822 eapitis
432 4753 477 4805 Vll
500 4756 590 4807 attinet
635 4756 679 4807 etr.
708 4757 951 4822 interpretatam.

133 4837 222 4890 libram
252 4854 353 4891 maun:
385 4844 441 4895 tm
471 4845 680 4897 Seamaclrelten
743 4842 787 4905 16)
808 4842 842 4891 lta
864 4847 954 4891 imvm.
992 4841 1036 4891 lta.
1055 4835 1110 4889 ὑπὸ.

132 4927 179 4978 διε
197 4928 243 4993 Ap.
262 4926 405 4979 Barnabas
424 4942 449 4993 p.
468 4926 580 4979 66-74.
745 4930 791 4995 17)
809 4926 836 4977 L.
853 4925 976 4991 ὁμοιότητι
994 4931 1114 4977 alannus.
1141 4922 1193 4975 cte.
1212 4924 1255 4974 in·

167 5010 214 5079 ta)
241 5008 455 5065 Gumnsntsaium
485 5013 560 5080 hujus
590 5015 679 5083 eapitis
706 5022 799 5082 torpe:
819 5017 847 5067 tn
865 5015 1046 5067 similitudine.

996 5097 1046 5162 2ss
