3067 6450
350 1180 474 1237 lunam
492 1181 651 1236 urtswmt
669 1181 715 1235 tu
733 1180 901 1238 arnustus.
920 1182 973 1237 XX.
991 1182 1056 1237 xxi.
1205 1185 1264 1251 171

452 1429 516 1492 ΧΧ.
562 1429 677 1492 Itemtm
699 1428 789 1491 cobis
811 1429 955 1493 scribam.

233 1555 291 1619 ¹Si
321 1572 369 1615 me
400 1553 538 1636 dignatus
562 1552 650 1615 luerit
671 1553 761 1616 lesus
785 1553 918 1616 Christus
946 1561 1071 1638 propter
1102 1556 1268 1621 orationem

139 1665 291 1738 vestram,
323 1664 354 1720 et
375 1657 514 1734 voluntas
536 1657 593 1735 sit,
626 1656 812 1722 insecundo
836 1659 954 1739 libello,
988 1680 1075 1742 quem
1102 1663 1267 1744 scripturus

138 1781 208 1827 sum
233 1762 331 1843 vobis,
355 1759 539 1826 ²declarabo
564 1763 659 1842 vobis,
682 1782 770 1844 quam
793 1764 980 1845 inceperam,
1010 1765 1215 1829 formationem
1238 1767 1268 1829 in

140 1865 284 1932 ³norum
307 1866 455 1930 hominem
477 1865 580 1929 lasum
604 1866 770 1947 Christum,
802 1886 857 1949 per
887 1868 974 1931 fidem
1003 1871 1032 1932 in
1063 1890 1129 1934 eum
1162 1878 1192 1933 et
1214 1890 1269 1953 par

140 1975 236 2057 ipsius
271 1972 478 2052 dilectionem,
511 1990 566 2054 pcr
601 1974 772 2054 passionem
809 1979 839 2034 el
873 1975 1125 2038 resurrectionem
1158 1975 1250 2056 ipsius
1258 1995 1268 2050 ;

141 2078 315 2156 ‘marimo
347 2077 375 2140 ai
407 2076 551 2140 Dominus
582 2077 652 2140 milri
681 2076 881 2154 revelaverit,
916 2078 995 2159 quod
1023 2097 1080 2141 vos
1113 2078 1149 2142 ad
1179 2098 1269 2142 unum

141 2202 250 2247 omnes
274 2164 467 2245 ⁵nominatim
491 2201 546 2264 per
569 2183 694 2264 gratiam
717 2181 885 2246 convenitis
906 2182 935 2244 in
954 2202 1012 2247 una
1033 2182 1092 2245 lide
1110 2189 1140 2245 et
1158 2185 1186 2245 in
1208 2201 1269 2247 uno

141 2290 216 2352 lesu
240 2288 357 2351 Christo
381 2321 423 2332 -
447 2289 506 2368 qui,
530 2287 693 2350 secundum
718 2305 838 2353 carnem
862 2305 901 2349 ex
924 2305 1040 2370 genere
1063 2287 1167 2365 David,
1192 2287 1268 2351 silius

144 2399 191 2456 est
214 2392 341 2455 hominis
365 2399 394 2455 et
416 2392 494 2455 lilius
511 2391 566 2453 Dei
588 2425 629 2436 -
652 2398 685 2454 ut
709 2390 854 2454 obediatis
872 2392 1014 2473 episcopo
1035 2397 1065 2454 et
1080 2393 1269 2474 presbyterio

143 2504 249 2560 mente
271 2496 436 2578 indivulsa,
459 2496 633 2581 frangentes
656 2514 762 2579 panem
786 2514 893 2576 unum,
925 2496 976 2576 qui
998 2494 1186 2576 pharmacum
1210 2497 1269 2558 im-

143 2600 331 2664 mortalitatis
354 2608 416 2682 est,
439 2601 619 2681 antidotum,
642 2620 682 2665 ne
704 2602 882 2682 moriamur,
914 2600 969 2665 sed
992 2587 1135 2666 vivamus'
1148 2620 1269 2685 semper

142 2706 175 2769 in
199 2704 424 2771 Jesurchrnto.
514 2710 519 2718 '

430 2896 508 2961 xxi.
554 2898 649 2964 Orate
668 2917 731 2979 pro
754 2918 801 2961 me
824 2907 855 2962 et
874 2899 983 2962 onlctc.

233 3015 398 3083 ‘vicissim
419 3021 638 3085 recreationem
660 3022 795 3086 habeatis
825 3022 854 3083 in
885 3040 932 3084 me
955 3021 1037 3085 etin
1062 3017 1147 3100 1ιιο,
1179 3041 1268 3104 quem

142 3124 181 3190 ad
205 3125 353 3190 honorem
369 3125 424 3189 Dei
446 3127 566 3188 misistis
582 3126 745 3210 Smyrnam,
769 3125 848 3189 unde
871 3132 901 3189 et
916 3128 1016 3189 scribo
1035 3126 1131 3204 robis,
1156 3128 1268 3209 gratias

144 3250 240 3316 agens
262 3232 406 3310 Domino,
439 3232 566 3315 diligens
597 3232 810 3315 Polycarpum,
843 3238 875 3293 ul
905 3239 935 3293 et
967 3249 1031 3293 vos.
1076 3231 1268 3295 Memineritis

146 3337 222 3414 mei,
246 3338 323 3398 sicut
347 3343 377 3398 et
400 3337 492 3398 vestri
514 3335 603 3399 lesus
627 3336 771 3398 Christus.
819 3336 910 3398 Orate
932 3353 987 3415 pro
1015 3334 1159 3412 ccclesia,
1192 3354 1270 3417 quae

146 3442 246 3503 estin
270 3441 365 3523 Syria,
389 3440 468 3503 unde
492 3442 607 3503 rinctus
623 3440 752 3504 Romam'
770 3437 912 3518 abducar,
935 3439 1116 3501 novissimus
1140 3438 1270 3502 fidelium

145 3563 267 3625 eorum,
299 3546 350 3627 qui
380 3545 420 3608 ibi
452 3550 537 3623 aunt,
572 3540 666 3608 8οιιιιι
699 3544 808 3627 dignus
840 3546 895 3607 sim
929 3543 1044 3607 habitus
1075 3544 1202 3606 inveniri
1232 3543 1270 3606 ad

145 3650 293 3713 honorem
314 3650 380 3712 Dei.
427 3649 529 3713 Valete
551 3650 581 3713 in
603 3649 669 3714 Deo
692 3657 777 3731 patre
807 3656 838 3711 et
868 3649 897 3710 in
919 3647 993 3711 Jesu
1016 3646 1151 3725 Christo,
1183 3666 1270 3710 com-

145 3755 228 3818 muni
251 3772 306 3837 spe
328 3758 440 3818 nostra.

143 3977 229 4030 locum
250 3981 371 4048 reprimit.
396 3979 539 4032 Bunreniua
556 3987 614 4048 port
628 3974 694 4029 ‹ino-
722 3996 744 4031 c.
764 3980 781 4031 2
799 3988 826 4031 et
842 3982 868 4033 u.
910 3981 969 4048 Eqn
994 3980 1120 4033 vicissim
1146 3994 1271 4046 nmen,

144 4064 242 4132 καλύψῃ
260 4066 335 4118 colon
353 4083 466 4135 ponem,
492 4082 584 4118 novam
603 4082 694 4134 quam·
722 4070 838 4136 reficiam
855 4084 913 4121 voe.

144 4152 203 4203 dam
222 4155 415 4208 revelantem
429 4157 548 4209 divinam
569 4170 583 4205 ιι
601 4151 695 4205 Nostro
756 4154 788 4222 7)
805 4152 824 4204 1.
844 4167 867 4205 c.
885 4141 965 4210 οὗτος,
990 4145 1019 4200 ὃν
1036 4155 1134 4204 Νοιτι.
1164 4139 1212 4201 Ὧν
1229 4150 1272 4204 vel

144 4238 238 4291 doloso
255 4247 413 4307 expectatam
431 4239 511 4292 luimc
530 4239 642 4308 putebat.
722 4237 762 4297 οὓς
780 4238 892 4304 conjecit
909 4237 993 4291 Colat,

181 4326 211 4390 5)
230 4325 249 4376 Ι.
270 4342 294 4377 a.
314 4344 405 4382 onnes
421 4330 534 4398 etnqatt,
553 4335 581 4377 ut
598 4326 629 4377 ad
642 4326 695 4379 l'o·
757 4326 788 4392 8)
808 4325 859 4377 Aut
885 4341 942 4377 cum
967 4322 1151 4392 loterpolatore
1177 4338 1272 4391 gracco

143 4412 198 4480 lyc.
217 4429 241 4466 c.
259 4412 284 4465 l.
302 4421 329 4466 ot
346 4412 379 4465 ad
396 4413 495 4480 Smyrna.
514 4430 537 4465 c.
560 4415 600 4464 13.
723 4411 860 4481 legandum
878 4420 917 4463 oct
934 4408 1009 4477 ὅσπερ
1022 4432 1058 4459 =
1074 4415 1128 4481 qui,
1147 4420 1189 4463 aut
1207 4425 1272 4463 con·

179 4499 211 4568 6)
230 4496 282 4552 Cir.
301 4499 335 4552 ml
348 4499 449 4567 Smyrna.
467 4498 695 4566 c.10.arll’olyc.
721 4498 815 4568 jungas
833 4496 911 4566 ὥσπερ
930 4515 987 4551 cam
1006 4495 1139 4564 δεδεμένος.

593 4799 826 4815 Μ
