3067 6450
459 1181 463 1194 ι
548 1165 739 1221 nonnemo
758 1167 784 1220 s.
803 1167 933 1222 lonsnn.
953 1169 984 1227 n.
1263 1177 1327 1243 247

243 1406 251 1421 ⁶
422 1324 456 1387 11.
499 1326 641 1409 Iynaiius
666 1347 686 1388 o
712 1328 851 1407 Trojano
876 1331 1111 1394 condemnetur.

291 1430 436 1493 Posiheec
460 1431 536 1493 enim
562 1431 722 1512 Trojano&
749 1431 757 1469 ¹
776 1451 856 1497 nono
879 1436 992 1518 imperii
1015 1432 1062 1498 sui
1085 1456 1181 1515 anno,
1204 1438 1326 1502 viciorie

200 1534 241 1596 de
266 1536 383 1616 Scythis
407 1543 436 1597 ei
452 1535 540 1596 Dacis
563 1534 687 1616 aliisquo
711 1537 808 1599 mullis
831 1540 970 1619 geniibus
992 1547 1142 1622 reporiaie
1165 1543 1267 1620 einins,
1291 1543 1328 1605 ed

199 1640 420 1722 subjectionem
444 1641 571 1702 omnium
594 1640 649 1700 sibi
670 1640 764 1702 adhuc
785 1643 863 1723 pium
881 1642 1111 1707 Cinisiinnorum
1133 1653 1250 1708 coetum
1270 1646 1328 1708 de-

201 1762 274 1805 esse
290 1752 381 1821 reios,
396 1744 707 1825 persecutionemque,
724 1745 780 1806 nisi
797 1745 971 1808 daemonum
985 1749 1092 1811 cniium
1109 1768 1173 1811 cum
1191 1751 1328 1812 omnibns

200 1850 343 1931 gentibus
366 1845 658 1930 ²mnpieciereniur,
691 1848 833 1926 minatus,
866 1846 999 1912 ³omnes
1026 1853 1168 1935 religioso
1193 1853 1327 1914 viventes

201 1960 252 2015 eni
282 1954 451 2016 sacrificare
479 1959 529 2015 eui
560 1952 634 2013 mori
664 1953 799 2033 cogebai.
846 1953 919 2014 Tum
950 1972 1024 2016 vero
1055 1974 1110 2036 pro
1141 1956 1328 2018 Antiocheno

202 2056 333 2117 eeclesia
349 2057 563 2137 pertimescens
579 2073 747 2136 generosus
765 2056 872 2118 Christi
894 2057 976 2119 miles
1001 2055 1131 2140 *sponie
1155 2058 1259 2122 (incius
1283 2065 1328 2121 esi

202 2159 239 2221 od
257 2160 424 2241 Trnjnnom,
448 2160 498 2239 qui
522 2177 558 2221 eo
584 2168 716 2240 ieinporo
732 2159 909 2222 Antiochino
932 2161 1048 2241 quidem
1072 2163 1250 2240 morabatur,
1273 2161 1327 2224 sed
1378 2192 1384 2209 ·

201 2269 307 2325 conire
329 2262 499 2326 Armeniam
530 2269 559 2324 ei
582 2262 704 2323 Parihos
734 2263 779 2324 ire
812 2262 975 2326 festinabat.
1022 2265 1056 2327 Ui
1083 2283 1157 2328 vero
1188 2266 1217 2328 in
1249 2284 1327 2328 con-

201 2376 308 2451 spectu
324 2369 443 2450 Trajoni
459 2369 646 2450 impensioris
664 2368 762 2428 sieiii:
785 2367 917 2447 quises,
942 2368 1045 2451 inquii,
1069 2388 1087 2431 o
1106 2369 1326 2446 cacodaemon,

202 2474 258 2553 qui
273 2481 382 2536 nosiro
396 2472 549 2535 mandato
564 2471 745 2551 ironsyredi
761 2472 901 2548 eniieris,
920 2470 1094 2555 ⁵simu1que
1109 2473 1182 2535 eliis
1199 2473 1324 2550 suades,

199 2587 236 2641 ui
259 2578 335 2639 meio
355 2586 496 2656 pereuni.
541 2577 671 2659 ignatius
694 2558 867 2655 respondit:
891 2596 978 2638 nemo
999 2577 1212 2657 Theopiorum
1234 2582 1330 2638 oocoi

202 2683 480 2752 cacodaemonem
515 2680 735 2742 abscesserunt
765 2681 846 2740 enim
880 2681 1045 2744 doemonia
1076 2701 1096 2742 α
1125 2683 1227 2744 servis
1258 2680 1326 2743 Dei.

201 2786 259 2848 Sin
283 2805 367 2862 cero,
392 2788 467 2865 quia
490 2787 531 2847 iis
555 2784 690 2861 infestus
713 2804 791 2859 snm,
817 2804 862 2844 me
885 2781 1001 2846 ‘eiiam
1018 2788 1131 2847 molum
1149 2787 1182 2846 in
1199 2786 1326 2847 doemo-

200 2910 264 2951 nas
284 2908 389 2965 cocos,
414 2892 581 2952 esseniior.
629 2887 704 2949 Cum
726 2890 806 2949 enim
831 2889 961 2950 iiobenm
986 2890 1140 2950 Christum
1167 2892 1327 2951 coelestem

199 3015 314 3075 renem,
340 2994 474 3057 insidias
497 2996 621 3055 iliorum
644 2993 797 3054 dissolvo.
843 2993 882 3056 m
906 2996 1069 3076 Trojanus‚
1096 2994 1166 3073 quis
1190 3001 1253 3069 esi,
1277 2994 1325 3071 eit,

204 3100 433 3178 Tneopoono?
477 3097 607 3180 igneiius
638 3095 809 3175 respondii:
842 3099 888 3176 is,
921 3098 1088 3179 quilinio!
1114 3097 1270 3159 Christum
1293 3096 1326 3155 in

197 3215 336 3288 pectore.
381 3204 454 3267 Tum
471 3202 627 3285 Trojonus,
653 3219 758 3262 onnon
782 3201 922 3263 videmur
946 3202 1012 3279 iiii,
1037 3201 1139 3282 inquii,
1163 3208 1270 3262 einos
1292 3198 1326 3258 in

200 3312 307 3374 animo
322 3316 445 3389 nestore
456 3307 541 3369 Deos
557 3315 695 3381 nostros,
712 3305 825 3385 quibus
840 3307 993 3370 adversus
1006 3309 1111 3368 hostes
1127 3303 1327 3383 adjutoribus

199 3413 342 3478 utimur?
386 3412 516 3495 ignatius
540 3411 708 3492 respondit:
740 3411 903 3472 doemonia
932 3412 1066 3490 qeniium
1095 3428 1207 3471 errans
1228 3426 1326 3470 vocas

199 3518 307 3589 Deos5
331 3525 376 3579 esi
398 3517 477 3577 enim
500 3534 580 3576 unus
604 3515 706 3590 Deus,
730 3516 784 3594 qui
809 3516 924 3576 coelum
947 3523 977 3576 ei
999 3523 1113 3576 terrem
1139 3522 1168 3574 oi
1191 3532 1275 3574 niune
1299 3519 1329 3573 ei

201 3624 317 3697 omnio,
342 3629 518 3700 quaesunt
541 3621 574 3681 in
598 3621 647 3697 iis,
668 3620 765 3700 seci13
788 3627 817 3680 ei
838 3638 919 3681 sinus
945 3618 1087 3681 (misius
1109 3617 1218 3693 Jesus,
1241 3616 1327 3696 filius

199 3726 263 3788 Dei
293 3724 488 3806 unigenitus,
519 3725 611 3802 cujus
642 3742 738 3802 eoquo
769 3724 889 3784 uiireom
909 3722 1022 3802 fruor!
1066 3722 1210 3802 Trojanus
1235 3720 1326 3781 dixit:

201 3831 290 3892 iilum
321 3830 422 3906 diois,
455 3829 509 3909 qui
536 3829 594 3891 sub
616 3827 729 3890 Pontio
752 3827 856 3889 Piiuio
888 3827 1058 3907 crucifixus
1081 3826 1153 3886 esi?
1197 3824 1327 3906 lgnniius

200 3933 372 4016 respondii:
409 3951 493 4009 euin,
525 3933 635 4011 quiin
657 3954 779 3997 erucem
802 3935 929 3996 susiuiii
947 3939 1111 4011 peocnium
1138 3949 1235 3991 meum
1259 3947 1328 3990 eum

200 4042 269 4115 eius
293 4039 473 4115 inventore,
506 4045 536 4099 oi
557 4058 674 4101 omnem
697 4059 835 4102 errorem
866 4037 1117 4111 daemoniacum,
1151 4051 1327 4113 omnemque

201 4143 354 4204 maiiiiam
377 4127 537 4203 damnans
551 4142 685 4220 subjecit
701 4144 836 4222 pedibus
858 4161 977 4217 eorum,
1002 4141 1055 4219 qui
1072 4140 1171 4218 ipsum
1187 4138 1220 4197 in-
1235 4136 1328 4199 corde

199 4253 324 4327 nerunt.
360 4248 400 4307 m
416 4246 571 4327 Trejenus,
595 4266 680 4327 erqo,
697 4249 746 4326 nii,
761 4249 846 4327 yonis
863 4246 896 4306 in
913 4252 940 4305 ie
962 4243 1153 4322 crucifixum.
1195 4241 1326 4324 igoniius

200 4485 258 4522 ms:
278 4478 307 4521 ui
319 4470 459 4522 daemones
472 4471 632 4523 coierent.
659 4472 751 4523 Peior·
780 4466 922 4532 injenium,
934 4475 961 4517 ui
974 4481 1031 4517 eum
1045 4464 1158 4532 piscaret
1169 4462 1328 4530 expositione

200 4572 297 4617 mansi,
314 4553 394 4621 ignei.
414 4553 493 4621 Epist.
511 4572 536 4621 p.
556 4555 607 4605 453
626 4571 662 4622 sq.
781 4554 912 4604 doctrinae
932 4554 1098 4615 christianae,
1126 4558 1183 4611 eut,
1209 4547 1327 4597 siminus

238 4641 266 4701 3)
289 4636 317 4690 Ὁ
340 4640 415 4703 φόβος
438 4649 497 4692 snie
521 4639 614 4696 πάντας
640 4643 665 4692 io
688 4639 752 4691 nisio
781 4657 837 4691 eum
857 4640 959 4707 plaeere
978 4647 1077 4705 posset,
1096 4644 1173 4686 totam
1193 4635 1253 4682 irem
1272 4630 1328 4693 ejus

201 4727 268 4779 mele
287 4725 397 4779 additum
416 4735 585 4778 assumentum
605 4735 659 4790 esi,
684 4726 751 4794 qnod
781 4729 835 4793 ipse
861 4728 1004 4791 exciperet,
1030 4722 1216 4785 ecclesiamque
1235 4717 1327 4767 Anno-

201 4821 294 4865 neuter
322 4820 397 4864 veios
424 4813 469 4865 int.
497 4813 586 4864 loiinus
614 4814 637 4863 in
656 4811 753 4864 Codice
780 4811 885 4865 ebenum
904 4809 1164 4862 siemeioiibereret.
1190 4806 1327 4854 cuneos.

202 4917 249 4953 suo
268 4901 379 4970 legebat.
407 4903 549 4952 Jsoossoe.
815 4899 844 4964 5)
863 4897 952 4948 iioiius
971 4898 1021 4942 τοῦ.
1048 4898 1138 4944 Smin.

236 4989 267 5056 4)
289 4988 401 5056 ignotius
424 4992 516 5052 sponte
538 5001 567 5036 se
592 4985 697 5038 contulit
720 4985 756 5051 sd¹
815 4984 843 5049 6)
863 4985 913 5030 Καὶ
933 4980 1050 5032 abundet.
1080 4981 1171 5028 Sumo.
