3067 6450
129 1193 179 1248 ab
198 1192 415 1264 DIOGNETUM]
568 1192 824 1248 PROLEGOMENA.
1128 1195 1260 1251 uxxvu

132 1374 221 1418 mann
235 1352 268 1439 ¹)
290 1355 328 1418 de
350 1355 406 1418 bac
428 1373 463 1419 re
485 1355 728 1438 disputaverunt3
752 1353 783 1416 bi
804 1355 911 1419 Justini
935 1375 1056 1420 causam
1079 1363 1206 1440 agentes
1230 1363 1260 1421 et

132 1461 260 1525 aliorum
271 1462 457 1544 objectiones
470 1462 688 1543 impugnantes,
698 1459 739 1521 illi
751 1460 905 1542 epistolam
915 1460 1034 1524 Justiuo
1046 1461 1258 1544 abjudicantes.

221 1566 445 1648 Inscriptionem
476 1566 554 1628 iliam
584 1567 614 1627 in
638 1564 755 1628 duobus
779 1564 931 1628 codicibus
961 1571 1127 1647 repertam,
1160 1568 1260 1649 magni

131 1651 1259 1754 Mmmfflmfflfflmmbmwaefflstdemffld

131 1794 259 1839 mannus
288 1773 326 1859 (l.
351 1795 376 1838 c.
408 1796 436 1857 p.
459 1776 517 1859 2);
551 1795 641 1857 quum
673 1793 747 1838 aero
782 1780 908 1855 uterque
942 1775 1040 1839 codex
1067 1776 1260 1856 posterioris

131 1882 252 1945 demum
275 1888 358 1944 esset
379 1883 484 1944 aetatis
507 1888 538 1943 et
561 1881 653 1943 ceteri
676 1880 798 1943 codices
822 1879 877 1941 bac
897 1880 1091 1962 inscriptione
1113 1887 1260 1958 carerent,

131 2004 195 2048 non
231 1987 354 2049 muitum
394 1986 534 2068 ponderis
572 1985 612 2047 ilii
654 1985 823 2048 testimonio
868 1992 996 2047 externo
1041 1984 1259 2046 attribuendum
1303 1979 1308 1987 ’

131 2098 278 2173 putamus.
323 2090 427 2153 Falsue
451 2090 529 2152 enim
553 2089 762 2169 inscriptiones
791 2105 938 2170 persaepe
970 2088 1057 2152 nobis
1087 2093 1258 2167 occurrunt,

131 2189 1260 2277 epmmwmmmmmmffifflmffl.fflm‚m

132 2301 231 2362 minus
261 2298 380 2362 Justino
410 2298 486 2361 hono
517 2297 672 2379 epistolam
705 2298 885 2376 tribuamus,
917 2297 949 2360 td
980 2299 1120 2381 imprimis
1154 2298 1261 2376 obstat,

133 2403 236 2483 „quod
261 2403 336 2466 baec
359 2402 485 2484 epistola
508 2403 658 2465 sermonis
689 2402 789 2465 indole
819 2402 896 2465 baud
924 2421 1028 2484 parum
1051 2403 1201 2484 discrepet
1223 2402 1259 2465 ab

130 2510 169 2571 iis
193 2508 286 2587 libris,
310 2525 386 2589 quos
408 2507 517 2571 tustini
540 2526 611 2571 esse
634 2514 720 2570 extra
743 2507 979 2571 controversiam
1003 2507 1131 2588 positum
1158 2512 1203 2569 est
1219 2503 1260 2590 3).

131 2612 208 2686 Quis
230 2619 277 2675 est
299 2614 385 2691 enim,
410 2632 497 2694 quem
520 2612 624 2698 fugiat,
648 2613 811 2695 simplicem
831 2620 861 2675 et
879 2614 1064 2695 perspicuam
1085 2612 1173 2695 hujus
1192 2614 1261 2693 epi-

128 2718 228 2780 stolae
258 2717 434 2797 dictionem,
467 2720 635 2800 expeditam
658 2718 744 2781 simul
776 2724 806 2779 et
828 2718 972 2800 integram
997 2720 1157 2781 verborum
1182 2736 1260 2780 eou-

129 2821 344 2900 structionem,
374 2841 410 2884 ac
440 2822 625 2905 singulorum
649 2823 868 2885 enuntiatorum
897 2823 1117 2886 connexionem
1139 2822 1261 2886 multum

131 2924 1260 3009 mmmammmmwmwmmmmm

130 3030 1330 3115 mmmmmmemmmmmmwmw.

130 3154 201 3199 cum
237 3144 268 3198 et
299 3137 437 3219 impedita
474 3138 668 3219 intricataque
706 3144 803 3201 utatur
833 3139 994 3201 verborum
1027 3137 1260 3213 constructione,

131 3240 293 3324 phrasibus
329 3243 433 3305 mediis
471 3243 549 3306 baud
586 3262 656 3307 raro
691 3245 810 3308 nimium
844 3251 986 3326 quantum
1021 3243 1193 3336 cumulatis,
1231 3246 1262 3303 et

133 3345 287 3428 prioribus
315 3348 499 3431 singulorum
530 3350 749 3413 enuntiatorum
779 3350 880 3412 verbis
911 3347 1126 3429 consequentia
1149 3345 1260 3408 addere

132 3467 228 3532 saepe
250 3450 386 3535 negligat
401 3449 443 3534 ⁴).
486 3452 571 3526 Quae
601 3454 719 3536 quidem
751 3455 900 3517 sermonis
932 3453 1132 3534 discrepantia
1161 3469 1261 3533 nequa

169 3639 686 3711 1)Hoffmann(Gymnaoisi·0beriehrer
746 3643 776 3711 ⁴)
801 3642 830 3695 V.
854 3641 884 3693 D.
911 3643 1034 3696 somiecb
1061 3641 1094 3693 de
1124 3640 1172 3694 bac
1201 3637 1261 3705 styli

132 3726 156 3778 in
170 3724 263 3778 Neine
279 3728 304 3778 in
318 3726 462 3796 Schiesien)
482 3728 562 3793 „iiber
573 3728 686 3782 lustinus
713 3729 883 3796 discrepantia
902 3731 937 3780 ita
950 3728 1052 3780 disserit
1070 3726 1100 3792 (i.
1110 3745 1132 3780 c.
1145 3744 1170 3795 p.
1182 3727 1261 3790 ¹7⁷)²

131 3812 177 3864 der
192 3812 328 3879 unomen
340 3811 413 3865 briei
429 3829 460 3865 an
473 3813 597 3884 Diogoad‘
619 3813 683 3867 1851
713 3815 795 3880 „suu
812 3815 870 3868 dara
883 3817 925 3868 dis
937 3814 1085 3868 Schneibart
1095 3813 1199 3868 Jurtin’s
1210 3814 1261 3867 deu
1281 3832 1286 3840 ’

131 3901 158 3951 iu
180 3896 390 3964 „tantumdem
410 3899 456 3952 der
474 3900 570 3971 bonipi.
588 3901 683 3955 bathal.
712 3901 927 3955 diircbcborakter
955 3908 1038 3972 negt,
1068 3902 1187 3956 melchon
1217 3901 1261 3954 dio

132 3985 252 4052 Gymnas.
272 4002 305 4038 au
319 3986 435 4039 Neism.“
711 3990 870 4058 griechisrha
889 3990 1001 4058 Spracbo
1022 3992 1073 4042 seit
1091 3991 1137 4043 der
1155 3988 1262 4058 Epoohs

166 4073 197 4140 2)
218 4069 270 4124 cfr.
295 4072 387 4126 librum
409 4090 493 4126 meum
518 4072 682 4141 „Concilium
711 4075 904 4129 Alexandersd.
917 4075 945 4128 G.
959 4078 985 4128 in
1003 4077 1093 4129 immor
1110 4075 1261 4130 tormentu-

130 4158 308 4230 3esebicbte“‚
328 4159 404 4213 1855.
424 4159 451 4213 Τ.
469 4160 488 4213 1.
509 4179 534 4229 p.
553 4163 613 4214 ³51.
711 4165 802 4217 tendor
836 4158 1035 4233 dilgemeinbeit
1075 4178 1260 4233 auqauommeu

166 4247 196 4315 3)
215 4245 302 4313 stylus
319 4245 447 4314 epistolae
463 4258 580 4314 nostrae,
599 4250 684 4316 judice
711 4250 792 4316 batte,
811 4250 900 4303 edbert
918 4251 972 4303 oieb
988 4250 1033 4304 der
1044 4252 1089 4304 sut
1102 4251 1148 4318 dea
1160 4249 1261 4302 brieio·

132 4333 225 4387 anio
245 4332 340 4401 (Spicii.
360 4333 386 4386 T.
400 4333 430 4386 11.
449 4353 475 4403 p.
490 4337 562 4402 165),
581 4338 684 4389 nimium
711 4338 758 4389 dor
769 4337 888 4390 Reiubeit
907 4338 954 4391 dm·
972 4337 1131 4390 klosrircbeu
1146 4336 1260 4401 Bictiom

131 4428 253 4490 qnantum
281 4435 296 4472 ι
323 4421 429 4490 reliquia
451 4421 541 4477 turrim
566 4424 684 4491 operibat
709 4433 772 4477 statt
789 4425 848 4477 dass
864 4424 947 4477 Justin
966 4426 996 4477 iu
1015 4424 1062 4477 der
1079 4424 1161 4494 neget
1180 4423 1260 4476 nacb-

133 4515 172 4559 est
184 4508 312 4572 diversus,
323 4516 355 4559 ot
368 4510 470 4577 argutiis
484 4509 605 4575 abundat,
618 4527 684 4580 quoe
711 4511 790 4580 itmig
813 4511 865 4563 und
884 4514 1012 4565 incorrect
1029 4512 1156 4576 schreibt,
1183 4512 1217 4564 ist
1234 4512 1261 4563 iu

85 4633 91 4642 .
132 4609 190 4646 raro
208 4592 278 4661 opud
297 4592 421 4646 lustinum
439 4598 614 4664 reperiuntur;
636 4597 683 4664 ju·
711 4598 770 4650 dem
789 4597 875 4651 Brieia
894 4599 940 4651 aui
955 4597 1154 4653 denAuadruck
1171 4613 1261 4666 prono

133 4679 189 4733 diue
208 4678 340 4733 Gallundio
359 4680 387 4743 (Ι.
406 4697 429 4733 o.
447 4698 472 4750 p.
491 4681 577 4746 LXIX)
602 4683 684 4749 stpius
711 4683 822 4752 Sorgiait
846 4685 1014 4749 vermendet3
1040 4693 1101 4737 atatt
1124 4684 1183 4737 dass
1205 4682 1261 4735 aicb

134 4766 212 4820 nubo
239 4774 279 4819 ast
303 4766 418 4819 floridior
435 4784 468 4821 eo
487 4777 521 4822 et·
531 4769 683 4837 cingentium
710 4770 793 4823 Juatiu
813 4772 852 4823 ibr
870 4770 1034 4840 gewdbuiicb
1055 4772 1079 4823 in
1099 4770 1146 4821 der
1164 4769 1261 4838 Spbtre

135 4869 185 4922 quo
202 4853 228 4907 8.
243 4853 339 4921 biartyr
355 4854 381 4906 iu
399 4859 467 4922 suis,
487 4863 612 4926 quotquot
630 4858 683 4909 cir·
711 4858 757 4911 der
775 4858 911 4927 qemeiueu
931 4857 1075 4928 Umqangs·
1094 4855 1145 4907 und
1164 4854 1260 4908 Voibs·

137 4942 322 5007 cnuierunmr,
347 4942 453 4998 sinceris
478 4941 601 5012 operibus
622 4959 686 4998 usu
710 4944 819 5013 aprscbo
838 4945 906 5011 bnt,
930 4945 1036 5013 bewoqt
1053 4943 1107 4996 oieb
1126 4943 1173 4996 der
1193 4942 1261 4995 Var-

139 5029 295 5096 couperitur.
711 5029 1262 5101 nauroerttnerumbobeusmwmpo,

187 5131 252 5173 rem
265 5138 329 5186 mn.
345 5130 383 5174 aa.
397 5132 433 5174 rr.
1029 5118 1052 5183 F
