3067 6450
521 1187 679 1247 nnsrom
698 1190 743 1243 ro
763 1188 963 1246 oioonnmn
981 1189 1013 1245 n.
1264 1193 1330 1260 299

199 1353 305 1434 nomo,
328 1371 394 1417 cum
417 1357 447 1416 et
472 1351 626 1415 doctrinae
648 1369 757 1430 novae,
780 1351 943 1433 sicutipse
967 1350 1126 1417 confessus
1147 1370 1191 1434 es,
1214 1352 1331 1418 auditor

202 1460 282 1536 eris;
311 1476 373 1522 non
395 1457 492 1521 solum
516 1457 628 1536 oeulis,
659 1456 713 1520 sed
737 1463 767 1519 et
790 1461 888 1518 mente
916 1454 1126 1538 'conspicias,
1159 1459 1244 1541 cujus
1272 1459 1332 1521 sint

196 1564 388 1629 -snbstamiae
411 1570 462 1626 aut
484 1562 571 1644 eujus
595 1560 708 1624 iormae
730 1561 789 1639 illi,
818 1578 895 1642 quos
921 1562 1036 1626 voeatis
1066 1568 1096 1625 ot
1118 1563 1225 1644 putatis
1248 1561 1332 1625 deos

199 1668 312 1735 Nonne
334 1668 384 1730 hie
406 1668 481 1749 lapis
505 1673 568 1746 est,
593 1667 636 1746 ei,
659 1667 710 1748 qui
734 1666 882 1744 calcatur,
905 1665 1026 1743 similis;
1050 1666 1125 1729 alius
1148 1674 1245 1730 autom
1269 1684 1331 1747 aes,
1381 1684 1385 1690 ·

200 1773 296 1837 nihilo
319 1772 435 1851 melius,
458 1790 545 1853 quam
569 1788 646 1851 quae
669 1771 697 1833 in
722 1789 809 1835 usum
831 1777 966 1833 nostrum
986 1769 1127 1835 fabricata
1150 1779 1219 1835 sunt
1241 1791 1331 1849 aasa3

200 1878 280 1943 alius
303 1877 432 1960 lignum,
462 1883 492 1939 et
516 1876 634 1956 quidem
655 1876 717 1958 jam
740 1875 905 1956 putridum;
935 1875 1010 1939 alius
1039 1883 1138 1939 autem
1166 1882 1332 1958 argentum,

201 1984 253 2047 oui
276 1999 352 2063 opus
375 1989 422 2045 est
444 1981 579 2060 custode,
602 2000 642 2044 ne
665 1979 745 2043 inrto
767 1980 936 2058 auleratnr3
959 1980 1034 2044 alius
1050 1980 1172 2060 ierrum,
1194 1981 1332 2065 rubigine

201 2093 393 2168 corruptum3
427 2086 502 2150 alius
534 2091 626 2165 testa,
658 2084 749 2148 nihilo
782 2086 981 2167 praestantior
1013 2103 1064 2164 ea,
1098 2104 1175 2168 quae
1207 2085 1243 2148 ad
1275 2086 1333 2149 ab·

196 2191 397 2275 jectissimum
413 2191 606 2253 ministerium
623 2188 700 2254 lacta
717 2189 788 2253 est?
832 2189 940 2254 Nonne
955 2209 996 2253 ex
1011 2193 1132 2254 materia
1149 2191 1333 2273 corruptioni

201 2296 336 2361 obnoxia
358 2301 427 2357 sunt
449 2296 524 2359 haee
546 2295 671 2358 omnia?
715 2295 824 2359 Nonne
842 2295 915 2359 lerri
935 2303 965 2359 et
984 2297 1062 2378 ignis
1085 2314 1143 2378 ope
1164 2294 1332 2359 fabricata?

200 2399 312 2463 Nonne
335 2399 403 2463 illud
427 2399 560 2482 sculptor
582 2398 729 2480 lapidum,
759 2400 817 2464 hoo
840 2398 925 2464 later
951 2402 1104 2480 aerarius,
1136 2400 1195 2463 hoe
1217 2418 1333 2484 arpen·

204 2505 299 2567 tarius
335 2503 436 2583 laber,
471 2504 529 2568 hoo
562 2503 673 2586 figulus
706 2505 816 2568 linxit?
860 2505 984 2585 Nonne,
1021 2507 1192 2588 priusquam
1226 2504 1333 2569 horum

200 2608 347 2672 artificum
362 2609 476 2671 artibus
492 2609 521 2670 in
538 2608 650 2672 lormas
673 2609 790 2673 illorum
804 2610 935 2675 Deorum
952 2610 1177 2696 effingerentur,
1194 2608 1332 2694 'singula

199 2734 223 2779 ι
253 2715 379 2798 singulis
408 2714 584 2794 artificibus,
616 2712 673 2777 ³id
705 2714 787 2797 quod
817 2716 912 2779 adhue
943 2715 990 2793 fit,
1021 2714 1333 2780 transformabantur?

202 2819 334 2899 Nonne,
357 2837 435 2901 quae
458 2804 536 2883 nuno
560 2819 664 2883 eadem
687 2839 705 2883 e
728 2822 848 2885 materia
871 2826 940 2884 sunt
964 2838 1052 2900 vasa,
1078 2820 1185 2883 similia
1208 2820 1253 2883 his
1277 2821 1333 2883 diis

199 2923 291 2988 reddi
313 2931 448 3006 possent,
469 2925 496 2988 si
520 2922 642 2987 eosdem
665 2924 794 2988 artilioes
818 2925 1103 2989 nanciscerentur?¹
1131 2925 1239 2989 Nonne
1259 2925 1334 2988 haee

200 3029 320 3107 omnia,
355 3047 431 3108 quae
463 3047 479 3090 a
511 3029 596 3093 vobis
626 3029 805 3107 adorantur,
838 3037 964 3111 possent
993 3030 1029 3092 ab
1061 3029 1229 3093 hominibus
1260 3047 1333 3092 vase

200 3152 322 3198 rursum
337 3134 413 3214 lieri,
431 3132 578 3214 *reliquis
593 3132 723 3197 similia?
755 3133 864 3196 Nonne
879 3133 969 3196 surda
985 3139 1054 3197 sunt
1069 3134 1193 3197 omnia?
1224 3133 1332 3196 Nonne
1371 3126 1382 3140 “

201 3240 322 3310 caeca?
359 3239 466 3303 Nonne
484 3238 635 3302 inanimal
669 3238 777 3302 Nonne
793 3256 901 3301 sensus
917 3240 1011 3301 omnis
1031 3238 1192 3320 expertia?
1226 3236 1333 3301 Nonne

203 3344 392 3408 immobilia?
436 3345 544 3409 Nonne
568 3344 665 3407 omnia
688 3342 888 3427 putrescunt?
931 3342 1041 3406 Nonne
1072 3344 1169 3407 omnia
1192 3360 1333 3406 eorrum-

203 3449 343 3533 puntur?
386 3450 467 3513 Haeo
490 3447 565 3513 deos
588 3449 718 3528 vocatis,
752 3450 798 3512 his
826 3447 962 3526 servitis,
993 3446 1067 3510 haee
1093 3448 1225 3510 adoratis
1233 3467 1243 3524 ;
1275 3443 1334 3511 ⁵et

204 3554 329 3618 omnino
352 3554 464 3617 similes
488 3554 551 3616 istis
574 3552 740 3616 reddirnini.
786 3552 900 3615 ideirco
921 3551 1026 3614 odistis
1047 3550 1241 3629 Christianos,
1266 3550 1333 3631 quia
1424 3583 1427 3588 ·

205 3657 264 3722 hos
288 3674 357 3721 esse
381 3656 454 3721 deos
477 3677 538 3722 non
562 3659 749 3721 arbitrantur.
796 3658 857 3721 Vos
877 3662 984 3735 antem,
1008 3657 1057 3736 qui
1080 3655 1147 3719 illos
1168 3673 1238 3717 esse
1257 3639 1333 3717 deos

205 3780 287 3827 nuno
321 3763 428 3844 putatis
462 3769 492 3825 et
523 3764 715 3842 existimatis,
751 3780 853 3826 nonne
891 3760 983 3824 multo
1019 3761 1132 3843 magis,
1172 3779 1258 3841 quarn
1294 3758 1333 3821 illi

206 3863 405 3950 [Christiani]
428 3885 483 3931 eos
514 3868 675 3932 contemtui
706 3867 846 3931 habetis?
889 3868 998 3956 Nonne
1029 3865 1120 3929 multo
1151 3866 1245 3948 magis
1275 3881 1331 3930 eos
1453 3931 1455 3936 ,

206 3972 338 4035 irridetis
362 3977 393 4033 et
414 3973 521 4055 injuria
544 3973 679 4052 allicitis,
712 3972 781 4037 dum
812 3951 945 4054 lapideos
971 3971 1091 4054 quidem
1126 3976 1156 4033 et
1184 3977 1333 4034 testaceos

206 4078 273 4139 sine
296 4072 498 4140 ⁶oustodibus
522 4078 723 4156 veneramini,
749 4084 912 4161 argenteos
935 4083 1034 4140 autem
1057 4084 1088 4139 et
1110 4093 1220 4138 aureos
1245 4082 1334 4138 nocte

205 4247 285 4302 habet
302 4247 383 4299 ιιΊεόν
401 4266 428 4298 τι
446 4249 460 4279 *
476 4248 644 4313 ἓξομοιοῦσθι,
670 4258 697 4302 et
715 4250 756 4301 la·
784 4248 939 4316 praesentari
950 4247 1333 4315 putatia31iontestAet.l⁷,29.

207 4352 275 4388 enne
293 4336 349 4402 ejus
368 4338 393 4388 in
411 4336 559 4405 apographo
578 4336 683 4389 Beareri
708 4352 757 4389 er·
820 4336 849 4400 6)
876 4330 1035 4398 uaedam.
1084 4333 1226 4404 Stephanae
1263 4333 1336 4386 dedit

205 4422 327 4491 pletaeet
338 4425 489 4491 pronomine
501 4419 597 4479 adroic:
616 4434 640 4477 aa
651 4426 757 4478 omnino
784 4418 943 4486 ἅφιιλιίιιτους,
964 4434 1073 4490 eamque
1091 4420 1226 4473 lectione·
1245 4436 1335 4474 omnes

206 4513 313 4564 renites
349 4512 413 4563 terte
451 4513 599 4565 reddimiei
654 4507 758 4561 ttohltm
786 4508 897 4560 editores
914 4509 1079 4560 retinuerunt
1109 4506 1335 4570 §advenentis
1367 4549 1371 4560 .

206 4593 376 4657 ἐξομοιοῦσθαι
401 4598 483 4672 activa
507 4595 692 4665 significatione
711 4613 757 4647 ac·
786 4593 829 4646 ille
854 4593 883 4647 V.
908 4594 939 4646 D.
965 4596 991 4647 in
1018 4594 1092 4662 culpa
1119 4596 1166 4658 ait,
1193 4607 1245 4643 non
1274 4591 1333 4644 eod.

207 4683 286 4751 eipit,
313 4690 339 4732 et
357 4680 471 4734 lacunam
490 4690 532 4733 ant
551 4681 636 4733 verbis
657 4687 692 4750 τῷ
709 4685 759 4731 τῶν
785 4690 863 4734 matus
877 4697 927 4750 qno
940 4698 1000 4734 naus
1015 4689 1062 4734 eet.
1090 4679 1167 4732 Certe
1184 4680 1334 4745 scripturam

206 4765 271 4818 tter
303 4766 357 4835 sep
393 4767 492 4836 explet:
529 4761 683 4838 omninoque
710 4772 760 4821 itte
786 4769 894 4822 anobis
912 4777 1040 4836 receptam
1058 4772 1179 4835 (ermque
1198 4780 1248 4818 non
1267 4779 1334 4817 eon·

208 4853 266 4910 Dee
352 4859 484 4925 aequatis,
503 4863 546 4907 ant
563 4854 649 4907 verbis
667 4851 760 4913 τούτοις
787 4855 962 4923 temnendam)
980 4852 1200 4922 praebetlienreri
1221 4867 1334 4920 apogra-

208 4938 239 4990 τό
257 4943 342 4995 daim
361 4945 516 5012 meaeque
527 4944 647 4996 divinam
663 4960 760 4998 nanee
785 4942 863 5011 phon,
883 4941 1050 5011 eamdemque
1068 4941 1125 4994 eod.
1138 4941 1275 5015 Argenteo
1290 4940 1333 5000 ir.

208 5029 254 5086 dle
268 5031 489 5098 einiknddttte,
507 5027 702 5084 inlrlsrebne
713 5045 759 5083 re·
787 5029 862 5082 dicat.
889 5031 970 5082 Oreo.
