3067 6450
354 1188 374 1240 1.
394 1186 576 1243 arsurus
595 1188 641 1241 nn
661 1187 733 1240 eon.
754 1188 840 1241 xxnr.
858 1188 944 1244 xxiv.
964 1190 1038 1244 xxv.
1213 1194 1255 1258 89

138 1354 212 1423 tete,
243 1348 328 1410 brevi
353 1354 382 1410 et
403 1349 500 1411 subito
524 1349 662 1411 voluntas
686 1350 750 1431 ejus
774 1350 961 1429 perficietnr3
993 1352 1138 1433 scripturn
1170 1353 1257 1414 etiarn

138 1452 334 1515 testimonium
358 1453 539 1533 perhibente,
567 1453 671 1535 'quod
692 1456 797 1515 stetim
820 1464 968 1518 venturos
991 1457 1043 1532 sit,
1068 1476 1165 1534 noque
1188 1464 1256 1518 tor-

136 1556 231 1632 dolu't,
256 1565 286 1618 et
303 1558 407 1618 statim
424 1558 526 1618 veniet
540 1556 694 1621 Dominus
711 1560 745 1620 in
762 1562 904 1641 templum
918 1581 1018 1638 suum,
1043 1572 1071 1624 et
1095 1559 1257 1640 ²sonotos,

136 1681 224 1740 quem
245 1681 303 1724 oos
326 1663 525 1740 exspectatis.

135 1852 238 1915 xliv.
277 1851 425 1913 Futurum
447 1854 708 1916 resurrectionem
722 1854 809 1916 Deus
830 1858 973 1917 continue
989 1856 1079 1919 uobis
1096 1859 1127 1917 in
1146 1863 1262 1918 notura

630 1960 776 2021 ostendit.

225 2076 467 2158 Consideremus,
491 2078 598 2158 dilecti,
623 2078 867 2161 quemadmodum
888 2080 1032 2142 Dominus
1056 2080 1182 2142 tntnrnm
1207 2098 1262 2140 re·

137 2184 355 2244 surrectionem
380 2185 520 2245 continuo
543 2184 629 2246 uoltis
651 2183 798 2261 ostendat,
822 2185 908 2264 cujus
924 2181 1088 2264 ³primitiss
1105 2185 1263 2246 Dominum

137 2286 241 2348 Jesurn
273 2286 418 2348 Christum
451 2286 536 2365 tecit,
571 2290 718 2350 suscitans
752 2306 818 2349 ennr
852 2306 868 2346 u
903 2288 1033 2349 mortuis.
1086 2287 1262 2363 intueamur,

137 2389 258 2466 dilecti,
290 2392 558 2470 resurrectionem,
591 2410 668 2471 quae
699 2394 778 2453 omui
808 2400 943 2472 ternpore
968 2392 1006 2452 fit.
1053 2391 1123 2452 llies
1148 2397 1177 2452 et
1200 2407 1263 2452 nox

138 2495 391 2556 resurrectionem
416 2497 500 2558 nobis
525 2495 686 2559 ostendunt
695 2517 703 2571 ;
728 2495 815 2557 ⁴non
838 2497 934 2573 cubat,
959 2496 1079 2577 exurgit
1100 2496 1181 2569 dies;
1205 2494 1264 2555 auu

138 2597 222 2675 dies,
254 2616 315 2660 nox
345 2601 456 2681 ingruit
484 2606 514 2661 et
543 2601 717 2681 insequitur.
763 2601 930 2662 iutueamur
953 2599 1074 2683 fruges;
1106 2599 1262 2661 seminatio

138 2704 225 2784 grani
257 2704 408 2783 quomodo
441 2703 498 2765 tat.
521 2713 525 2721 '
545 2701 720 2786 ⁵llgressus
752 2710 797 2765 est
826 2705 1006 2783 seminator,
1040 2711 1069 2765 et
1099 2719 1201 2764 semen
1233 2702 1263 2761 in

141 2814 251 2868 terrain
271 2809 354 2889 jecit,
379 2813 407 2869 et
427 2809 515 2889 jactis
538 2809 715 2886 seminibus,
740 2827 817 2889 quae
841 2809 918 2871 nude
942 2817 972 2871 et
996 2809 1077 2870 aride
1102 2808 1129 2868 in
1155 2813 1263 2866 terrain

140 2911 324 2989 ceciderunt,
348 2911 559 2973 dissolvuntur.
600 2911 714 2974 lleinde
739 2931 779 2974 ex
802 2912 996 2975 dissolutione
1019 2930 1124 2991 magna
1147 2911 1264 2972 divinoe

141 3015 350 3096 providentiae
378 3016 508 3094 potentie
539 3033 573 3075 ea
597 3017 770 3094 resuscitat,
802 3036 837 3079 ec
861 3038 899 3078 ex
922 3035 982 3079 uno
1006 3017 1089 3096 plura
1114 3015 1201 3092 liunt,
1235 3021 1265 3075 et

142 3118 269 3181 trucium
295 3118 469 3199 producunt.

293 3308 381 3373 XXV.
427 3311 569 3374 Plroenie·
590 3313 834 3374 resurrectionis
856 3320 984 3374 nostroe
1007 3310 1116 3389 irnopo.

230 3431 468 3515 Contemplemur
491 3436 607 3516 signum
632 3434 782 3510 mirabile,
817 3432 896 3513 quod
921 3433 949 3492 in
972 3432 1104 3512 partibus
1129 3429 1263 3506 orientis,

143 3539 253 3644 spilieet
285 3539 313 3601 in
344 3539 454 3601 Arabis
485 3545 514 3600 et
545 3540 675 3615 viciniis,
709 3537 747 3599 tn.
794 3537 866 3597 Avis
896 3544 959 3614 est,
995 3555 1071 3616 quae
1102 3531 1264 3595 ⁶l‘lroenix

143 3648 275 3705 uocatur.
313 3642 394 3704 lleec
417 3644 547 3725 unigena
572 3643 705 3703 existens
730 3658 824 3702 unnos
848 3641 1027 3723 quingentos
1049 3642 1128 3716 vivit,
1154 3654 1264 3716 quum-

144 3764 200 3827 que
227 3749 289 3829 jsm
317 3754 414 3809 morte
443 3746 633 3808 dissolvenda
664 3753 726 3823 est,
759 3765 776 3806 e
801 3744 903 3821 thure,
933 3744 1051 3825 myrrha
1082 3752 1111 3806 et
1141 3740 1265 3820 reliquis

145 3852 323 3914 urornntibus
352 3850 481 3913 loculum
505 3851 560 3912 sibi
583 3852 684 3928 struit,
718 3867 805 3929 quern
829 3848 977 3930 completo
1002 3864 1144 3910 annorum
1168 3843 1266 3925 spatio

145 3954 326 4038 ingreditur,
358 3963 388 4017 et
410 3953 655 4035 vitumdepnnit.
704 3952 750 4014 Ex
779 3971 869 4015 corne
901 3970 974 4013 vero
1006 3953 1072 4033 ejus
1104 3947 1266 4031 putrefacta

144 4061 252 4122 uerrnis
280 4058 397 4139 quidam
427 4058 575 4135 nuscitur,
609 4059 658 4138 qui
681 4057 814 4118 animalis
837 4055 968 4117 defuncti
992 4055 1116 4116 humore
1142 4054 1267 4115 nutritus

144 4162 308 4244 plumescit.
354 4162 457 4225 Auctis
486 4168 590 4243 postes
623 4163 736 4223 uiribus
769 4160 897 4222 loculum
929 4160 1020 4234 tollit,
1054 4159 1166 4237 inquo
1198 4175 1268 4219 osse
1299 4217 1303 4232 ,

144 4266 275 4347 petentis
297 4265 451 4328 recondita
474 4273 551 4344 sunt,
575 4285 671 4346 enque
690 4272 814 4345 portans
839 4257 920 4325 ⁷iter
940 4282 979 4323 ex
995 4263 1122 4324 Arabica
1143 4262 1270 4343 regione

145 4370 171 4431 in
195 4370 384 4452 Aegyptum,
414 4375 443 4430 et
465 4371 587 4448 urbem,
616 4388 692 4449 quse
716 4367 879 4448 Heliopolis
903 4365 1025 4443 dicitur,
1054 4366 1177 4447 perficit.
1223 4366 1269 4427 Ae

177 4574 208 4640 5)
226 4569 279 4625 cn.
298 4571 359 4626 Luc.
378 4573 405 4639 8,
424 4573 447 4624 5.
720 4574 781 4625 edit.
801 4573 843 4623 lll.
868 4573 895 4623 Τ.
915 4571 944 4624 ll.
969 4591 994 4639 p.
1016 4571 1065 4623 163
1091 4580 1117 4622 et
1144 4571 1173 4623 ll.
1195 4570 1216 4621 l.
1239 4568 1268 4619 F.

177 4660 206 4722 6)
224 4659 295 4710 llaec
313 4660 402 4710 recitet
415 4662 536 4729 Cpriltur
550 4664 622 4713 llier.
638 4658 690 4711 i'et.
721 4663 894 4723 destrictum,
911 4660 943 4709 de
956 4658 1088 4709 Phoenicis
1102 4656 1187 4706 lnbuls
1200 4654 1268 4721 spud

147 4744 187 4810 ts,
197 4747 229 4806 83
243 4745 331 4796 similis
341 4748 449 4799 Tertutt.
463 4745 495 4796 de
509 4761 601 4797 resurr.
616 4749 639 4811 ς,
653 4747 691 4798 13.
720 4743 842 4811 Graecos,
863 4747 989 4797 llonmnos
1008 4753 1034 4795 et
1052 4743 1163 4810 populos
1182 4742 1269 4790 orien-

147 4828 267 4882 Fabulam
280 4831 313 4882 de
323 4829 450 4883 Phoenice
460 4832 693 4887 reternntl’liuins
719 4831 791 4883 tales.
817 4829 1047 4885 Particulsl.etll.
1073 4828 1189 4878 llsunise
1205 4824 1269 4875 1825

147 4916 206 4969 ltin.
224 4925 276 4969 net.
294 4915 326 4981 Χ,
345 4917 361 4967 2
380 4925 406 4968 et
424 4920 573 4973 Herodotus
592 4918 629 4983 ΙΙ,
649 4919 691 4972 73,
720 4925 746 4968 et
768 4917 842 4969 1827.

148 5000 198 5056 cn.
221 5007 359 5073 Orsum,
386 5002 474 5072 Sumit.
500 5013 527 5056 et
552 5004 690 5075 llytholoq.
754 5005 784 5072 7)
804 5003 848 5057 lls.
868 5004 944 5058 lubet
961 4997 1069 5060 διανεύει,
1090 4998 1165 5049 mule.
