3067 6450
198 1181 265 1246 460
490 1176 592 1231 INDEX
609 1176 723 1231 stituit
743 1175 785 1228 ΕΤ
805 1174 1036 1229 subsortitus,

233 1334 333 1387 humilis
354 1335 410 1386 104.
425 1335 483 1386 106.
498 1335 557 1387 238.
570 1336 630 1386 240.
658 1333 747 1387 Cordis
776 1324 971 1400 injuriarium
982 1337 1222 1386 memorismortetn
1234 1351 1313 1403 opera·

233 1438 300 1490 genu
320 1422 449 1474 iiectsmus
468 1423 528 1474 130.
596 1444 601 1452 ·
810 1430 860 1484 tur‚
870 1421 964 1472 obliuio
974 1438 1036 1473 vcro
1045 1423 1122 1473 vitam
1130 1432 1261 1474 aeternam
1269 1424 1315 1473 328.

198 1507 355 1575 Hyaenae
375 1524 433 1559 csus
451 1507 556 1561 iudaeis
573 1509 666 1559 vetitus
688 1508 730 1560 24.
776 1506 1002 1559 innocentiae
1026 1506 1110 1560 honor
1131 1509 1214 1575 major
1232 1509 1316 1560 honore

811 1596 923 1659 martyrii
942 1594 1001 1645 433.

456 1670 492 1724 Ῑ·
777 1680 958 1747 inspiratio
981 1681 1039 1732 114.
1067 1679 1118 1732 Per
1137 1684 1317 1749 inspirationem

199 1768 304 1822 Jahoh
318 1770 351 1823 ob
365 1771 529 1824 humilitatem
541 1768 748 1824 benedictionem
812 1766 837 1817 S.
849 1766 940 1818 Pauius
953 1766 984 1817 ad
996 1765 1142 1820 Corinthios
1156 1771 1258 1836 scripsit
1272 1769 1317 1819 118.

236 1865 388 1909 consecutus
406 1868 446 1910 est
464 1860 505 1911 94.
777 1851 929 1904 invidiae
948 1856 1018 1919 pravi
1036 1855 1145 1906 ciiectus
1164 1855 1199 1905 56
1212 1872 1250 1925 sq.
1268 1856 1316 1906 406.

200 1940 375 1996 irciflntia.
413 1944 472 1997 Odit
491 1946 561 1999 Deus
579 1948 702 2015 aos‚qui
721 1962 749 1997 sc
776 1939 955 1992 invocatio
973 1940 1126 1992 Sanctorum
1148 1943 1207 1993 128.
1246 1943 1319 1993 Sancti

234 2031 305 2096 ipsos
323 2029 426 2082 laudant
444 2034 486 2086 9⁴.
523 2033 574 2086 cfr,
597 2038 747 2088 numatius.
812 2029 902 2078 mortni
915 2042 961 2094 pro
974 2026 1049 2078 nubis
1062 2037 1138 2079 orant
1149 2029 1212 2080 254.
1246 2030 1319 2081 Sancti

200 2114 367 2181 Jejunium
396 2122 472 2171 statio
503 2121 567 2173 dicta
598 2121 657 2172 381.
688 2120 747 2170 384.
812 2129 862 2165 non
883 2117 917 2165 ita
935 2112 1066 2176 coluntur,
1084 2122 1115 2164 ut
1135 2113 1253 2168 Christus
1270 2117 1319 2168 tto.

235 2204 360 2269 ieiunium
370 2221 457 2258 verum
467 2217 516 2273 est,
529 2211 550 2259 si
562 2209 622 2276 quid
634 2216 749 2275 praestas
776 2200 852 2253 Johi
870 2201 998 2253 humilitas
1017 2200 1058 2251 78.

236 2295 372 2361 aequitati,
404 2294 437 2344 nii
466 2297 583 2363 nequiter
613 2294 693 2357 iacis,
724 2302 750 2344 et
777 2290 879 2341 iosus
898 2289 941 2339 32.

237 2388 322 2430 mente
341 2396 402 2447 pura
417 2379 472 2431 Deo
491 2383 571 2433 servis
588 2380 638 2431 382
652 2388 678 2430 et
691 2380 748 2430 381,
778 2375 957 2427 Iracundia
976 2375 1048 2444 peiiit
1066 2375 1188 2443 Spiritum
1208 2388 1322 2443 sanctum,

236 2465 285 2518 Die
313 2467 406 2533 jejunii
436 2467 498 2518 nihii
534 2467 665 2536 gustabis,
704 2467 750 2518 nisi
813 2463 855 2529 qui
874 2470 912 2513 est
930 2464 955 2513 in
974 2462 1052 2514 corde
1071 2463 1182 2515 hominis
1202 2464 1262 2516 353.
1362 2466 1365 2471 “

237 2570 327 2622 panem
358 2562 385 2605 et
415 2570 522 2623 aquam,
553 2563 580 2604 et
607 2563 749 2621 computata
779 2549 1323 2617 irenaeus,Polycarptductputustttt.

237 2643 378 2707 quantitate
391 2641 451 2704 cibi,
465 2658 539 2710 quem
553 2646 647 2694 ceteris
661 2642 750 2694 diebus
779 2637 874 2688 itm
893 2637 1005 2688 libenter
1021 2636 1105 2687 110111
1122 2646 1164 2689 eti
1181 2640 1323 2690 neriioitm

238 2736 395 2779 comesturus
414 2744 481 2792 eras,
498 2737 606 2780 sunrtum
624 2728 673 2780 diei
686 2729 751 2779 iilius
814 2725 856 2775 9⁴.

133 2811 139 2817 ’
237 2812 309 2864 dabis
340 2815 449 2877 viduae,
485 2814 579 2881 pupiiio
613 2824 655 2865 aut
685 2816 751 2882 inopi
778 2810 898 2864 iudaei
923 2812 1089 2878 superstitiosi
1110 2820 1170 2863 sunt
1188 2813 1249 2865 300.
1281 2813 1325 2866 in·

238 2898 297 2950 384.
334 2898 388 2950 iioc
408 2899 531 2965 jejunium
556 2910 595 2952 est
622 2902 701 2953 hilare
727 2911 752 2952 et
815 2899 872 2950 daei
903 2896 1071 2964 Polycarpum
1107 2909 1232 2950 accusant
1264 2901 1326 2962 284;

238 2995 371 3054 acceptum
398 2985 452 3037 Deo
478 2991 539 3042 ibid.
575 2988 702 3054 ieiunium
727 2999 752 3041 et
816 2985 892 3035 siucri
911 2986 995 3036 animo
1014 2984 1196 3036 interfectores
1214 2986 1326 3050 ejnssd-

238 3074 321 3124 orstio
341 3073 527 3142 conjungantur
546 3076 605 3127 264.
625 3077 684 3128 340.
812 3074 903 3139 juvant
932 3071 992 3123 286.
1040 3071 1105 3139 ipsis
1135 3073 1327 3124 admonentibus

201 3158 279 3213 iesu
307 3176 398 3212 nornen
423 3161 521 3213 duabus
547 3163 628 3213 iitcris
653 3165 752 3232 graecis
815 3175 908 3227 corpus
921 3158 947 3212 S.
959 3159 1094 3228 Polycarpi
1110 3160 1273 3212 combustum
1291 3169 1328 3212 est

239 3247 294 3298 iet
313 3247 334 3298 ii
353 3250 501 3315 exprimitur
520 3250 561 3301 22.
597 3251 657 3302 iesu
679 3261 753 3318 typus
816 3248 876 3299 290.

239 3342 294 3384 erat
312 3333 400 3398 iosus,
420 3335 485 3386 iilius
502 3336 590 3395 Navae
609 3337 651 3388 32.
679 3335 753 3388 iesus
780 3335 967 3388 Judaismus
989 3334 1013 3385 in
1033 3333 1250 3387 Christianismum
1269 3351 1327 3386 cre·

239 3420 286 3471 suh
305 3421 392 3487 figuris
411 3424 435 3473 in
458 3422 487 3474 V.
500 3422 527 3475 T.
544 3425 703 3475 annuntiatus
716 3432 755 3475 est
816 3421 867 3486 dit,
891 3437 941 3471 non
961 3418 1164 3472 christianismus
1184 3424 1210 3473 in
1228 3420 1327 3474 inrisis-

241 3505 273 3555 14
292 3522 346 3574 sqq.
366 3508 400 3557 30
418 3524 474 3578 sqq.
816 3525 883 3559 mum
917 3507 974 3558 180.
1021 3506 1047 3557 Si
1074 3507 1145 3572 juxta
1175 3507 1328 3561 Judaismum

206 3592 367 3660 ignatius,
398 3594 503 3647 ioannis
531 3598 647 3666 Apostoli
675 3598 754 3650 disci·
816 3597 941 3659 vivimus,
966 3594 1130 3660 confitentur,
1155 3611 1204 3648 nos
1226 3600 1330 3665 gratiam

240 3678 314 3746 puius
333 3680 392 3733 244.
429 3681 519 3749 ignatii
545 3699 603 3736 cura
623 3687 754 3751 pastoralis
817 3698 867 3734 non
888 3683 1022 3747 accepisse
1042 3680 1101 3731 178.

241 3775 267 3816 et
285 3769 398 3833 martyrii
412 3767 566 3822 desiderium
581 3774 643 3824 ibid.
666 3772 755 3840 ignatii
782 3770 961 3822 induistus
982 3768 1039 3819 178.
1061 3767 1119 3819 180.
1138 3768 1200 3821 214.
1219 3769 1279 3821 218.

241 3851 367 3903 humilitas
389 3854 445 3905 154.
467 3855 522 3907 162.
551 3858 608 3907 189.
644 3858 755 3927 ignatius
782 3857 960 3909 iudicium.
978 3854 1101 3906 innuente
1107 3853 1233 3919 judicium
1244 3867 1329 3908 aeter-

242 3937 352 3988 ferarum
379 3939 497 3991 dentibus
524 3942 584 3993 moii
616 3947 699 4013 cupit,
730 3954 756 3995 ut
818 3959 876 3995 nurn
895 3941 968 4011 probi
986 3941 1062 3992 sedes
1081 3940 1217 3993 hestorum
1239 3943 1332 3995 habent

242 4039 320 4089 purus
334 4020 423 4076 Christi
441 4030 513 4094 panis
531 4030 673 4082 inveniatur
694 4033 754 4083 200.
820 4032 879 4083 122.
907 4028 978 4080 Beati
990 4036 1049 4079 ante
1063 4025 1190 4080 Christum
1203 4032 1228 4080 ia
1240 4030 1332 4083 Scheoi

242 4108 755 4178 ignatiusairajanocondcmnatur246.
818 4118 932 4169 habitant
958 4116 1018 4166 424.
1063 4115 1131 4165 hiors
1158 4122 1186 4166 et
1213 4118 1264 4167 vita
1291 4119 1331 4168 in-

245 4194 377 4261 Smyrumu
407 4204 511 4270 navigat
541 4203 602 4254 248.
652 4204 756 4257 Romam
819 4204 940 4256 cumbunt
957 4201 1048 4265 simut,
1073 4209 1100 4252 ct
1118 4205 1290 4271 unnsquisque
1308 4207 1332 4255 in

244 4284 345 4335 ducitur
368 4285 427 4337 250.
464 4287 597 4342 hhestiis
622 4292 758 4344 devoratur
819 4292 948 4359 proprium
979 4288 1062 4338 iocum
1092 4290 1172 4339 iturus
1206 4298 1246 4341 cst
1278 4292 1332 4342 176.

245 4370 304 4423 252.
341 4369 450 4437 Tempus
469 4379 580 4441 ruartyrii
600 4379 659 4428 254.
696 4378 757 4443 Ejus
820 4377 944 4428 Dominus
963 4390 1013 4426 non
1032 4382 1138 4442 accepta
1157 4392 1268 4442 persona
1286 4380 1332 4445 ju-

246 4459 360 4511 meminit
378 4456 532 4527 Polycarpus
551 4463 610 4515 266.
627 4464 685 4515 270.
699 4465 757 4516 273.
821 4464 888 4514 dicat
901 4460 1032 4523 muudum
1051 4464 1226 4531 unusquisque
1238 4481 1332 4516 secun-

211 4546 303 4616 iguis
321 4553 440 4597 aeternus
460 4547 518 4597 166.
538 4547 597 4599 316.
617 4550 676 4601 381.
821 4550 880 4600 dum
906 4566 953 4614 ea,
978 4565 1045 4617 quae
1069 4548 1146 4613 iacit,
1171 4554 1285 4619 accipiet
1308 4552 1332 4602 t.

212 4633 405 4686 incarnatio
424 4631 470 4684 cir.
490 4636 625 4689 Christus·
822 4636 849 4688 in
873 4637 1020 4686 memoriam
1044 4642 1111 4685 tussn
1136 4645 1215 4688 nocte
1239 4654 1271 4689 ao
1293 4639 1334 4690 die

214 4719 408 4774 lniidsiium
427 4736 534 4788 poenae.
563 4720 760 4775 Abiniideiihus
822 4721 957 4774 revocabis
983 4721 1073 4787 judicii
1102 4722 1170 4773 diem
1198 4725 1242 4774 46.
1287 4723 1335 4775 Dei

250 4806 321 4859 Deus
349 4808 495 4874 sanguinem
526 4805 615 4858 Christi
649 4811 761 4876 requiret
819 4808 920 4873 judiciis
938 4818 1014 4859 nemo
1034 4824 1062 4860 ss
1080 4807 1227 4861 subducere
1251 4818 1335 4877 potest

252 4894 311 4945 258.
346 4893 461 4945 iniideics
481 4895 610 4963 inignem
630 4902 760 4946 aeternnm
823 4895 865 4946 92.
901 4894 982 4945 Nemo
1002 4894 1080 4959 dicat,
1101 4894 1171 4962 quod
1190 4895 1258 4949 haec
1276 4912 1335 4949 caro

255 4982 324 5041 ibunt
336 4979 391 5030 166.
402 4978 459 5032 316.
471 4979 530 5034 381.
544 4980 761 5034 ν.111οτοιίοἰ.
823 4996 874 5033 non
889 4981 1026 5049 judicatur,
1044 4996 1130 5051 nequa
1147 4986 1260 5053 roeurgit
1278 4984 1334 5037 stt
