3067 6450
194 1172 261 1224 xxx
627 1161 882 1218 raoneaonem.
1126 1161 1324 1231 [ertsromx

196 1332 321 1415 epistola
345 1335 447 1391 nostra
471 1327 559 1389 multa
583 1323 713 1408 proferri
737 1321 893 1401 videntur,
924 1340 1049 1403 qrrorum
1081 1323 1160 1385 nulls
1186 1330 1232 1384 est
1257 1343 1324 1386 cum

197 1437 332 1510 consitio,
356 1433 526 1494 Corinthios
550 1431 586 1492 ad
611 1427 801 1492 concordiam
827 1429 971 1503 vocandi,
1000 1428 1147 1508 cognatio.
1194 1428 1323 1507 Priora,

196 1540 300 1619 inqnit,
325 1539 428 1598 decem
451 1538 558 1614 capita
582 1535 735 1616 quaedam
758 1532 873 1593 babent
894 1532 1027 1611 cestipio
1050 1551 1161 1594 uranus
1180 1534 1324 1613 fallacis,

196 1645 253 1706 sed
281 1662 346 1704 non
373 1643 420 1704 ito
449 1641 565 1702 multa:
593 1639 797 1719 persequitur
820 1644 932 1698 auctor
959 1644 1137 1698 constanter
1160 1640 1326 1700 consilium

197 1766 295 1810 suum.
341 1747 382 1808 At
405 1747 505 1826 capite
528 1745 574 1807 XI
594 1754 624 1807 et
646 1743 709 1805 XII
729 1743 773 1803 ad
793 1742 885 1820 fidem
913 1747 942 1800 et
971 1741 1217 1818 hospitalitatem
1241 1763 1325 1805 com·

143 1908 146 1913 .
198 1852 406 1913 mundandam
430 1853 570 1927 accedit,
595 1852 628 1910 in
652 1867 714 1927 quo
738 1847 827 1907 neella
845 1846 941 1925 plane
964 1855 1099 1925 apparet
1122 1849 1328 1912 cohaerentia

200 1975 268 2018 cnm
287 1955 559 2034 praecedentibus.
608 1952 766 2027 Quocirca
782 1969 895 2029 parum
912 1948 1009 2026 abest,
1033 1952 1108 2031 quin
1127 1953 1206 2014 baec
1222 1956 1328 2032 capito

200 2062 373 2123 existimem
385 2063 508 2121 intrusa
521 2078 599 2120 esse,
622 2057 716 2117 Redit
727 2057 771 2117 ad
783 2056 957 2116 institutum
972 2055 1112 2117 Clemens
1125 2058 1228 2134 capite
1241 2057 1327 2134 XIII,

200 2177 229 2230 et
252 2169 284 2227 in
307 2187 345 2228 en
366 2167 469 2244 perpit
492 2165 534 2225 ad
557 2183 582 2225 c.
606 2161 702 2223 XXII.
747 2161 817 2223 IIoc
839 2179 913 2222 oero
937 2161 1040 2238 capite
1064 2169 1206 2239 repente,
1241 2165 1330 2226 nulla

199 2273 300 2351 ipsum
324 2271 445 2330 ratione
470 2268 632 2340 incitante,
657 2266 699 2325 ad
720 2275 930 2346 arpennorum
954 2266 1044 2345 lonae
1063 2267 1151 2328 aliud
1163 2278 1329 2346 properat,

201 2376 244 2436 ad
266 2375 524 2435 resurrectionem
554 2388 721 2448 corporum
755 2379 964 2446 mortuorum,
996 2371 1033 2431 de
1066 2390 1129 2450 qua
1161 2373 1204 2433 ad
1235 2382 1332 2452 caput

202 2497 299 2556 usque
322 2473 456 2537 XXI'III
477 2475 615 2536 disserit.
664 2474 775 2551 Capite
791 2473 925 2536 XXVIII
944 2475 1077 2536 instituti
1096 2478 1147 2536 sai
1163 2469 1331 2538 recordari

203 2583 328 2645 uidetur
352 2582 481 2652 iterum,·
505 2589 598 2658 atque
621 2581 715 2659 nujus
740 2580 854 2657 eapitis
878 2579 999 2640 initium
1022 2579 1098 2640 bene
1121 2582 1260 2642 concinit
1274 2582 1332 2660 fini

204 2687 320 2763 capitis
343 2684 432 2760 XXI,
457 2684 643 2764 difficillime
664 2702 739 2744 ocro
763 2701 832 2743 eum
855 2684 942 2743 exitu
970 2685 1085 2762 capitis
1108 2684 1225 2746 XXVII
1238 2687 1334 2766 Junpi

200 2798 312 2872 potest.
350 2791 548 2868 Quapropter
570 2807 651 2870 qaae
674 2789 712 2849 de
736 2788 925 2849 cadarerum
949 2789 983 2849 in
1005 2789 1101 2848 eitam
1117 2791 1220 2849 reditu
1235 2809 1333 2867 prae-

205 2896 366 2972 cipiuntur
388 2914 447 2955 sex
470 2894 638 2971 capitibus,
663 2893 805 2972 subjecto
827 2894 973 2955 videntur
996 2913 1064 2955 esse
1091 2894 1238 2956 Clementi
1262 2944 1268 2957 .
1294 2945 1302 2958 .
1327 2944 1334 2958 .

206 3000 312 3078 Neque
334 3001 445 3061 melius
468 3000 613 3061 existimo
630 3000 667 3059 de
684 2998 841 3075 capitibus
857 2997 1040 3061 XL—XLV
1052 3008 1081 3061 et
1096 3000 1134 3059 de
1150 3002 1252 3077 capite
1267 3001 1334 3077 LV,

207 3103 320 3184 quibus
342 3122 380 3164 eo
403 3104 506 3183 lepos,
536 3122 616 3182 qnae
641 3104 720 3162 nulli
741 3112 915 3181 potueruut
937 3105 969 3164 in
990 3113 1118 3165 mentem
1141 3106 1248 3167 oenire
1270 3107 1336 3168 nisi

206 3209 337 3286 bomini,
361 3210 419 3285 rei,
444 3229 537 3288 quiam
560 3210 634 3289 apii,
656 3229 791 3288 prorsus
815 3209 990 3272 intenemori.

295 3313 380 3386 Orroei
413 3314 554 3375 bernardi
586 3319 615 3372 et
645 3313 751 3374 Clerici
782 3316 883 3375 attinet
913 3308 1219 3395 argumentationem,
1256 3316 1336 3377 bene

211 3418 372 3479 ll’ottonus
389 3415 417 3501 ¹)
442 3420 478 3479 ita
503 3419 637 3480 disserit:
661 3419 749 3480 Irriti
773 3427 871 3480 tamen
888 3429 961 3481 sant
976 3421 1070 3498 bujus
1087 3428 1225 3480 conatus.
1273 3417 1337 3492 Oui

207 3524 288 3583 enirn
319 3524 379 3584 ltoc
408 3524 501 3586 enoda
533 3544 574 3585 ea
598 3524 749 3585 Clemente
777 3524 996 3586 Alexandrino
1028 3527 1151 3602 arpent,
1184 3532 1239 3585 aut
1267 3543 1338 3585 eum

207 3643 271 3686 nou
299 3626 399 3702 probe
429 3630 533 3702 nouit,
566 3637 621 3688 aut
651 3631 735 3688 mala
761 3630 822 3706 fide
851 3630 923 3707 opit.
969 3629 1086 3690 Eadem
1109 3631 1188 3690 enim
1210 3630 1338 3689 ratione

208 3735 310 3787 actum
333 3746 359 3786 er
369 3731 392 3787 it
415 3730 454 3787 de
476 3731 638 3789 autbentia
662 3732 763 3809 etfide
781 3736 1046 3807 commorantem,
1072 3735 1125 3812 qui
1144 3753 1163 3793 a
1181 3733 1207 3793 C
1208 3735 1337 3794 leniente

184 3903 191 3910 ⁶
211 3829 368 3891 Alexandr
377 3832 430 3892 ino
446 3850 577 3909 usqrrum
593 3834 739 3909 citantur,
755 3837 951 3912 scriptorum.
999 3837 1093 3898 Nemo
1114 3826 1193 3899 enim
1207 3837 1277 3898 Patr
1285 3858 1339 3898 um

210 3935 332 4012 majore
355 3933 483 3995 licentia
506 3954 583 3995 usus
606 3938 707 3996 estin
730 3940 868 4002 citandis
895 3942 1099 4017 au‘boribus,
1130 3945 1196 4003 sine
1219 3944 1338 4019 sacris,

210 4038 278 4100 siae
293 4039 445 4110 ethnicis;
469 4058 536 4101 curn
560 4041 588 4100 ei-
613 4041 646 4099 in
662 4060 745 4103 more
760 4044 812 4117 sit,
837 4062 899 4105 non
916 4047 1040 4122 intepra
1056 4045 1219 4106 autberum
1240 4047 1341 4108 oerba

211 4159 333 4218 seraper
354 4143 500 4219 recitare,
524 4144 582 4204 sed
601 4163 663 4221 pro
687 4145 823 4208 arbitrio
847 4166 905 4209 suo
929 4168 1011 4209 nunc
1033 4152 1227 4226 contrahere,
1255 4170 1342 4213 nunc

212 4246 252 4306 de
274 4265 333 4307 suo
357 4249 507 4321 inserere,
531 4250 598 4308 alia
621 4251 770 4324 omittere,
797 4252 863 4311 alia
885 4254 987 4314 variis
1009 4256 1111 4314 modis
1132 4263 1260 4320 mutare.

301 4350 466 4411 bloslnunio
490 4351 620 4430 denique
644 4354 682 4412 ita
707 4354 952 4433 respondeamus.

258 4450 298 4537 a)
323 4455 412 4535 Cirpp.
429 4455 468 4517 Xl
486 4464 514 4517 et
531 4456 581 4517 XII
605 4458 750 4537 epistolae
776 4467 896 4519 nostrae
912 4477 977 4520 cnm
999 4459 1245 4521 antocedentibus
1261 4460 1342 4523 bene

216 4597 220 4605 -
323 4559 495 4634 caltaerent,
519 4563 627 4641 qttippe
651 4580 728 4641 qaae
745 4565 868 4625 enatlem
886 4582 951 4625 enin
970 4565 1013 4624 bis
1030 4566 1180 4625 staberium
1203 4571 1341 4642 tractent,

325 4664 467 4725 incidiae
478 4664 697 4727 Corinthiorum
709 4668 844 4746 exempla
854 4668 1093 4744 hospitalitatis,
1104 4671 1220 4747 pietatis
1233 4677 1259 4730 et
1273 4669 1344 4732 bbei

324 4774 486 4848 apponant,
510 4768 656 4849 sitiretque
679 4788 792 4851 poenas
808 4771 1017 4833 dissensionis
1032 4768 1077 4853 (c.
1093 4769 1153 4855 XI)
1172 4771 1343 4837 ostendant.

171 5023 176 5030 ·
253 4985 283 5064 l]
299 4985 329 5046 In
346 4987 418 5048 lictis
436 4988 469 5042 td
486 4986 590 5044 IClmn
609 5005 632 5044 a
650 4991 676 5043 9.

106 5029 340 5303 ΡΝ
