3067 6450
398 1194 538 1250 manus
555 1196 690 1250 rusron.
727 1158 823 1250 rinna
843 1197 884 1252 nr.
921 1179 1044 1253 srirrur.
1063 1200 1103 1253 rr.
1250 1205 1316 1270 413

185 1355 371 1440 accipientes
394 1359 621 1437 transferebant,
645 1366 673 1421 et
697 1360 725 1422 in
749 1358 982 1423 aedificationem
1007 1362 1096 1424 turris
1111 1361 1314 1444 porrigebant.

185 1460 219 1526 ln
243 1481 302 1543 qua
327 1480 417 1542 quum
440 1465 543 1527 structi
566 1464 668 1526 essent
689 1465 746 1543 iiii,
772 1464 887 1527 candidi
911 1467 1046 1545 variique
1069 1466 1192 1539 debant3
1217 1474 1245 1528 et
1268 1469 1314 1529 si-

185 1568 297 1629 militer
319 1585 425 1630 omncs
451 1570 568 1650 priores
591 1570 739 1631 mutabant
762 1569 891 1632 colores.
938 1569 1062 1644 Quidam
1086 1588 1159 1632 vero
1183 1572 1218 1633 ab
1242 1572 1313 1651 ipsis

185 1672 260 1734 viris
285 1673 532 1756 porrigebantur3
565 1673 614 1753 qui
639 1691 727 1754 quum
750 1675 780 1735 in
804 1692 867 1735 earn
892 1673 1127 1738 aedificationem
1151 1676 1315 1752 venissent,

187 1776 294 1859 quales
318 1778 514 1858 ponebantur,
538 1778 611 1841 tales
628 1784 657 1840 et
673 1779 894 1860 permanebant.
939 1777 975 1840 lii
992 1796 1047 1840 nec
1063 1777 1178 1839 candidi
1194 1779 1313 1858 tiebaot,

184 1886 244 1945 nco
268 1882 344 1943 varii
352 1902 362 1957 3
385 1878 522 1962 qnoniam
547 1899 607 1944 non
631 1888 715 1944 erant
737 1901 753 1944 a
778 1883 942 1965 virginibus
965 1901 1020 1963 per
1043 1889 1157 1962 portam
1173 1884 1312 1945 translati.

186 1984 222 2048 ili
245 2004 323 2067 ergo
346 1985 460 2065 lapides
492 1985 642 2048 deformes
674 1993 759 2048 erant
789 1988 818 2049 in
849 1985 1062 2050 aedificatione.
1109 1985 1191 2059 Quos
1224 2006 1313 2068 quum

186 2090 467 2153 animadvertissent
491 2089 531 2152 illi
553 2107 610 2151 sex
632 2091 698 2168 viri,
718 2093 873 2173 jusserunt
889 2092 961 2170 tolli,
985 2099 1014 2154 et
1029 2110 1086 2154 suo
1103 2091 1172 2153 loco
1196 2093 1313 2173 reponi,

185 2193 271 2257 nnde
294 2192 384 2256 delati
408 2192 531 2255 luerunt
577 2193 614 2254 lit
636 2192 735 2257 dicunt
758 2194 794 2256 ad
818 2195 903 2273 iilos,
933 2196 984 2274 qui
1015 2195 1128 2277 lapides
1159 2195 1226 2259 illos
1258 2196 1314 2257 ad-

185 2294 342 2359 ferebant:
367 2298 507 2376 ,omnino
530 2315 586 2361 vos
609 2298 696 2360 nobis
713 2296 749 2359 ad
765 2284 1001 2362 aedificationem
1016 2300 1092 2363 banc
1107 2299 1221 2381 lapides
1236 2318 1313 2381 por-

183 2401 291 2484 rigere
322 2401 432 2480 nolite,
463 2402 517 2465 sed
545 2403 630 2484 juxta
661 2403 764 2464 turrim
792 2403 897 2484 ponite
929 2421 1000 2482 eos,
1031 2409 1062 2466 nt
1093 2403 1150 2466 bae
1181 2406 1313 2487 virgines

184 2505 345 2568 translatos
368 2506 539 2589 porrigant;
563 2507 619 2568 nisi
643 2507 720 2568 enim
744 2507 780 2569 ab
805 2507 850 2569 bis
874 2508 1037 2589 virginibus
1054 2509 1187 2571 translati
1203 2508 1313 2571 inerint

184 2628 240 2694 per
263 2610 342 2672 banc
364 2616 489 2692 portam,
512 2611 631 2675 colores
656 2629 728 2674 suos
745 2618 858 2674 mutare
875 2629 934 2673 non
951 2618 1075 2694 possunt
1083 2634 1092 2688 3
1115 2612 1207 2675 nolite
1224 2612 1313 2695 igitur

182 2715 298 2781 trustra
321 2716 487 2780 laborat-ef

274 2821 308 2882 V.
358 2818 494 2882 ¹Ellecta
518 2824 563 2881 est
586 2825 682 2882 antem
706 2824 853 2882 structura
877 2820 928 2881 iilo
951 2819 1014 2899 dic,
1045 2823 1098 2884 sed
1122 2821 1211 2885 turris
1235 2841 1312 2886 con-

183 2932 331 2990 summata
355 2944 414 2988 non
439 2931 501 3000 est3
524 2925 653 2988 loturum
677 2923 754 2986 enim
771 2930 845 3001 erat,
868 2929 899 2985 nt
914 2923 1129 3003 aedificaretur,
1152 2933 1311 3007 propterea
1416 3009 1421 3018 Ι

183 3031 356 3093 etiamnunc
378 3036 407 3092 et
422 3029 566 3109 quaedam
583 3028 682 3091 dilatio
699 3028 775 3091 iacta
793 3036 847 3092 est.
891 3028 928 3090 Et
939 3032 1094 3112 jusserunt
1117 3030 1158 3091 iili
1174 3040 1230 3092 sex'
1246 3048 1309 3108 eos,

183 3136 235 3216 qui
261 3133 465 3212 aedificabant,
489 3134 581 3212 abire,
605 3141 635 3196 et
657 3133 746 3195 veluti
771 3132 947 3213 aliquamdiu
964 3137 1138 3214 quiescere;
1161 3134 1218 3195 iliis
1235 3151 1308 3196 vero

185 3227 354 3322 virgintbds
370 3245 596 3321 praeceperunt,
620 3257 658 3301 ne
674 3256 691 3300 a
707 3239 781 3301 turri
797 3237 992 3301 discederent.
1036 3240 1196 3321 Propterea
1212 3246 1308 3302 autem

184 3344 365 3407 videbantur
387 3335 610 3421 mibiaeiictae,
634 3349 665 3406 ut
688 3342 873 3405 custodirent
896 3345 997 3406 turrim
1021 3344 1105 3405 iliam.
1151 3343 1309 3423 Postquam

183 3455 284 3511 autem
300 3454 502 3525 recesserunt,
526 3448 593 3511 dico
610 3448 646 3509 ad
662 3454 810 3528 pastorem
827 3449 924 3511 iilum:
950 3468 1072 3529 ,quara
1095 3448 1224 3528 domine,
1248 3468 1309 3513 non

183 3559 232 3617 cst
254 3561 376 3634 peracta
399 3553 562 3617 aedificatio
578 3552 714 3615 turris?“
762 3552 848 3630 „Non
866 3554 973 3631 enim,“
998 3554 1100 3634 inquit,
1127 3562 1214 3632 ,ante
1230 3572 1309 3616 oon-

183 3657 327 3721 s'ummari
349 3665 464 3739 potest,
488 3676 574 3738 quam
599 3658 697 3719 veniat
720 3656 857 3719 dominus
881 3660 956 3739 ejus,
980 3666 1011 3721 et
1033 3666 1209 3722 structuram
1232 3658 1309 3720 banc

183 3763 304 3844 probet,
327 3769 367 3841 nt,
391 3764 415 3825 si
439 3780 515 3843 quos
531 3761 644 3844 lapides
668 3780 727 3824 non
750 3762 847 3824 bonos
863 3762 893 3822 in
910 3780 946 3823 ea
961 3763 1118 3839 invenerit,
1142 3767 1307 3836 mutentnr;
1385 3798 1395 3815 α

183 3865 220 3927 td
254 3866 433 3929 voluntatem
465 3867 542 3929 enim
574 3868 639 3949 ejus
670 3866 841 3955 aedificatur
872 3868 947 3929 baec
976 3868 1094 3929 turris.“
1143 3866 1305 3945 „Vellem,“

183 3970 314 4051 inquam,
339 3971 487 4049 ,domina
511 3972 599 4048 scire,
623 3970 692 4051 quid
710 3970 856 4053 significet
872 3971 1036 4034 aedificatio
1052 3970 1141 4032 turris
1158 3970 1254 4051 liujus,
1278 3974 1308 4030 et

183 4071 220 4137 dc
245 4076 300 4136 bac
323 4083 408 4155 petra
432 4081 460 4136 et
484 4074 522 4136 de
545 4075 600 4136 bac
623 4081 707 4156 porta
731 4091 929 4155 cognoscere,
953 4082 984 4136 et
1006 4074 1043 4134 da
1059 4075 1207 4136 montibus
1225 4080 1253 4135 et
1269 4072 1307 4136 da

183 4178 350 4261 virginibus
374 4186 403 4241 et
426 4178 464 4240 de
487 4179 649 4260 lapidibus,
681 4179 730 4259 qui
752 4180 878 4241 extracti
900 4184 968 4240 sont
992 4176 1029 4239 da
1051 4175 1218 4258 prolundo,
1249 4196 1308 4240 neo

183 4281 351 4345 circumcisi
374 4289 452 4361 suot,
477 4281 530 4343 sed
553 4283 631 4344 siout
654 4281 863 4359 ascenderunt,
886 4284 930 4344 sic
946 4282 1025 4343 missi
1042 4282 1154 4343 suntin
1171 4288 1306 4346 structu-

183 4404 263 4461 ram3
288 4393 317 4449 et
340 4405 433 4467 quare
456 4388 580 4468 primum
603 4386 719 4467 lapides
733 4386 836 4448 decern
853 4387 881 4448 in
898 4383 1090 4448 fundamento
1107 4385 1211 4447 structi
1226 4389 1305 4462 sunt,

183 4488 294 4554 deinde
317 4492 421 4572 viginti
444 4492 585 4571 quinquo,
610 4489 717 4552 deinde
741 4490 858 4573 triginta
882 4489 1023 4570 quinque,
1046 4489 1154 4551 deinde
1172 4486 1303 4568 quadra-

183 4595 282 4679 ginta3
317 4595 386 4657 item
417 4596 454 4657 de
485 4595 540 4657 iliis
564 4595 724 4677 lapidibus,
761 4596 810 4676 qui
841 4594 929 4675 positi
958 4599 1027 4656 sunt
1056 4594 1085 4654 in
1115 4596 1302 4667 structuram,

183 4699 349 4779 iterumque
368 4699 486 4778 sublati,
510 4705 540 4760 et
555 4699 585 4760 in
600 4699 697 4762 locum
713 4717 799 4762 sunm
815 4700 907 4761 relati.
946 4699 990 4761 De
1015 4696 1149 4760 omnibus
1165 4693 1220 4771 bis,
1244 4691 1302 4755 do-

183 4803 279 4883 minc,
289 4802 470 4866 desidorium
486 4806 600 4867 animae
616 4823 701 4868 meae
717 4803 843 4885 comple,
859 4808 888 4864 el
904 4802 1002 4865 omnia
1017 4799 1086 4863 mibi
1102 4796 1299 4860 demonstra.“

218 4940 244 5004 1)
262 4937 281 4991 1.
302 4956 326 4994 a.
345 4956 412 4992 nnnc
436 4944 540 5010 incepto
564 4948 590 4991 ct
616 4939 647 4990 ad
673 4949 727 4992 ter·
756 4947 937 4992 consummata
955 4935 1051 4987 illodie
1067 4934 1209 4986 aedificatio
1228 4932 1301 4985 turris

183 5027 272 5079 nuum
291 5027 424 5095 qnamdam
449 5026 588 5093 perducta,
613 5026 659 5078 sed
678 5041 728 5077 non
755 5031 818 5075 erat.
