3067 6450
393 1206 413 1260 l.
431 1204 615 1261 Cfflsslll'ls
633 1204 680 1261 AD
700 1204 773 1259 COR.
793 1204 854 1259 Lm
872 1202 932 1257 btv.
951 1202 1010 1258 lv„
1194 1205 1257 1271 127

129 1380 162 1435 te
193 1371 227 1433 ier
255 1377 375 1451 pentem
403 1388 546 1449 mopnom
576 1376 606 1431 et
634 1368 826 1445 mirandam,
861 1376 892 1431 et
921 1370 982 1432 boc
1008 1365 1257 1430 numerosiorem.

130 1478 214 1540 Dixit
236 1482 333 1539 autem
356 1475 494 1558 Moyses:
524 1473 723 1553 'neutiquam
738 1474 889 1546 Domine;
912 1475 1031 1536 remitte
1049 1475 1123 1536 boio
1138 1472 1257 1551 popolo

128 1589 305 1664 peccatum,
328 1579 380 1642 cet
401 1581 493 1641 etium
514 1597 561 1640 rne
584 1579 652 1640 elele
675 1579 714 1639 de
729 1578 811 1640 libro
827 1580 1004 1642 cluentium.
1044 1577 1258 1642 Ocharitotem

133 1684 288 1769 magnoml
334 1685 359 1748 0
391 1682 620 1763 insuperabilem
650 1681 884 1763 perlectioneml
913 1684 1069 1746 ¹Famulus
1101 1683 1258 1745 Dominum

131 1791 227 1853 libere
250 1789 425 1869 alloquitur,
455 1806 511 1869 pro
535 1786 622 1868 plebe
645 1787 854 1849 remissionem
876 1789 1023 1869 postulat,
1056 1790 1103 1850 vel
1126 1789 1258 1870 seipsum

133 1913 192 1958 una
216 1913 283 1957 cunr
306 1896 351 1956 eis
375 1892 468 1956 deleri
492 1894 573 1974 petit.

135 2086 209 2148 LlV.
248 2085 308 2161 Oui
329 2085 483 2147 charitate
497 2085 609 2162 plenus
626 2091 681 2159 est,
707 2104 796 2147 omne
812 2084 958 2147 domnum
978 2086 1071 2163 subit,
1096 2084 1259 2149 dunrmodo

462 2209 532 2270 poe
555 2189 706 2250 ecclesiae
728 2192 922 2252 restituatur.

224 2312 298 2386 Quis
322 2313 412 2392 igitur
434 2312 511 2372 inter
534 2328 589 2372 ros
606 2328 788 2392 generosus,
811 2314 877 2392 quis
894 2313 1074 2390 misericors,
1098 2312 1164 2393 quis
1184 2312 1258 2373 cba-

133 2418 221 2479 ritate
246 2416 397 2496 plenus‘l·
420 2413 549 2477 ²Dicat:
579 2417 608 2476 si
628 2425 757 2494 propter
780 2437 826 2477 me
848 2419 963 2480 seditio
994 2427 1023 2479 et
1045 2419 1210 2480 discordia
1229 2425 1260 2478 et

130 2524 306 2584 sclrismoto
328 2530 399 2583 orto
420 2529 506 2597 sunt,
531 2520 671 2594 discedo,
695 2521 793 2611 obeo,
821 2541 1005 2602 quocunque
1027 2523 1205 2597 uolueritis,
1229 2528 1260 2583 et

131 2626 219 2708 pnoe'
235 2627 400 2687 multitado
423 2626 578 2704 jusserit,
607 2626 715 2704 socio,·
746 2627 846 2688 solum
873 2629 990 2689 t'brr'sti
1015 2647 1096 2707 prex
1125 2629 1158 2689 in
1179 2646 1258 2706 poce

132 2735 230 2812 depol
253 2752 320 2793 eum
342 2733 522 2793 constitutis
542 2730 746 2811 presbyteris.
793 2732 849 2806 Oui
881 2732 937 2792 boc
969 2732 1089 2809 lecerit,
1123 2750 1258 2813 magnam

133 2838 190 2898 sibi
214 2836 340 2918 gloriam
365 2838 393 2898 in
410 2836 536 2897 Domino
560 2837 737 2912 conciliabit,
760 2843 791 2897 et
813 2837 910 2898 omnis
933 2836 1018 2899 locus
1038 2856 1104 2899 eum
1121 2837 1258 2917 excipiet.

134 2940 296 3003 ³Dornirn'
318 2943 398 3003 enirn
420 2949 467 3003 est
489 2949 575 3002 terro
604 2947 634 3000 et
658 2940 821 3018 plenitudo
853 2943 930 3020 ejus.
977 2941 1057 3004 llaec
1087 2941 1198 3004 iaciunt
1228 2947 1259 3003 et

133 3045 256 3122 sacient,
280 3047 331 3126 qui
355 3046 493 3123 divinam,
517 3045 602 3126 quus
625 3064 775 3126 uunquam
799 3048 942 3126 poenitet,
966 3047 1054 3108 vitam
1078 3048 1190 3108 vivunt

418 3238 476 3300 ΙΝ.
520 3236 621 3317 Hajrrs
645 3238 810 3300 eburitotis
833 3238 985 3316 exeroplo.

228 3357 290 3423 *br
312 3368 409 3423 autern
433 3362 519 3422 etiam
540 3362 676 3442 exempla
693 3362 825 3440 gentium
844 3360 1050 3441 proteramus:
1074 3358 1154 3419 multi
1171 3376 1262 3440 reges

137 3473 167 3528 et
184 3465 414 3547 gubernatores,
436 3464 581 3546 pestifero
598 3474 732 3547 tempore
748 3469 912 3543 saeviente,
936 3484 1001 3527 cum
1019 3464 1140 3527 oraculo
1162 3470 1264 3526 essent

136 3572 297 3648 admoniti,
327 3571 415 3632 morti
445 3588 480 3631 se
513 3570 595 3651 ipsos
627 3570 828 3647 tradiderunt,
861 3576 892 3632 ut
925 3587 980 3633 suo
1011 3570 1157 3651 sanguine
1180 3570 1263 3630 cives

137 3676 311 3737 liberarent.
356 3674 450 3750 blulti,
473 3692 512 3735 ne
535 3673 645 3737 diutius
668 3676 776 3739 seditio
800 3676 936 3754 duraret,
967 3695 984 3737 a
1012 3675 1177 3737 civitatibus
1201 3674 1264 3736 suis

137 3784 341 3843 secesserunt.
387 3778 495 3840 blultos
519 3779 606 3841 etiam
627 3781 705 3842 iuter
725 3797 781 3842 nos
803 3782 1011 3862 cognovimus,
1035 3777 1110 3859 ⁵qui
1132 3798 1166 3840 se
1184 3779 1264 3859 ipsos

138 3886 168 3947 in
191 3881 311 3946 vincula
334 3884 545 3964 conjecerunt,
578 3891 610 3946 ut
632 3885 706 3948 alios
729 3879 949 3948 ⁶redimerent.
995 3885 1078 3948 blulti
1109 3886 1138 3946 in
1162 3885 1265 3947 servi·

139 3996 232 4051 tutem
256 4005 291 4051 se
313 3989 395 4069 ipsos
418 3986 607 4065 addixerunt,
632 3996 662 4050 et
684 3997 808 4070 accepto
826 3991 922 4071 pretio
937 3991 983 4053 sui
1000 3990 1074 4052 alios
1100 3982 1264 4052 'cibarunt

139 4093 252 4155 blultae
274 4092 434 4170 mulieres,
457 4096 551 4176 gratia
575 4093 673 4155 ‹livina
697 4095 930 4173 corroboratae,
958 4095 1052 4156 virilia
1076 4094 1164 4156 multa
1188 4112 1265 4177 ges-

139 4203 254 4259 serunt.
300 4190 419 4258 ⁸Beata
442 4195 560 4274 iudith,
592 4214 659 4259 cum
690 4197 760 4259 urbs
790 4198 987 4260 circumsessa
1015 4203 1115 4275 esset,
1146 4197 1266 4281 rogavit

140 4302 291 4377 seniores,
314 4306 345 4362 ut
359 4300 415 4362 sibi
430 4299 535 4362 liceret
550 4300 579 4361 in
596 4299 828 4383 alienigenarum
845 4309 942 4364 castra
959 4303 1061 4378 exire;
1086 4309 1116 4364 et
1131 4302 1265 4384 periculo

141 4424 175 4468 se
199 4405 358 4488 objiciens,
381 4411 503 4487 propter
527 4422 657 4478 amorem
680 4406 794 4484 patriae
818 4407 980 4487 populique
1001 4407 1120 4470 obsessi
1139 4421 1265 4489 egressa

174 4612 205 4679 4)
224 4610 265 4663 Ao
278 4610 343 4663 baec
356 4611 462 4678 respicit
470 4613 599 4680 (tripener
609 4607 637 4662 t.
647 4609 689 4662 lll.
751 4611 782 4679 o)
801 4611 838 4664 lta
858 4612 917 4677 lls.;
944 4617 1157 4668 salomanno
1180 4610 1266 4679 placat

141 4714 165 4766 p.
187 4699 245 4750 153.
266 4715 290 4765 p.
310 4697 362 4750 393
381 4699 421 4750 ed.
442 4697 522 4749 lluae.
717 4695 887 4764 terminorum.

176 4786 205 4849 5)
224 4784 304 4850 liujus
318 4785 356 4836 rei
369 4785 483 4852 exemplo
496 4784 566 4836 dabit
579 4782 607 4837 B.
621 4784 690 4836 Pau·
751 4784 780 4852 7)
799 4784 870 4837 lianc
888 4801 977 4838 vocem
1004 4792 1107 4851 usurpat
1126 4781 1154 4836 B.
1172 4781 1266 4835 Paulus

141 4871 182 4925 luo
204 4872 238 4925 ael
261 4870 335 4924 Rom.
356 4873 404 4938 16,
427 4873 451 4923 l.
477 4881 503 4925 et
526 4872 560 4923 ad
583 4869 690 4939 Philipp.
717 4867 799 4922 lCor.
821 4871 861 4936 13,
882 4871 907 4922 3.

143 4959 169 5024 2,
187 4957 229 5010 30.
754 4957 782 5020 8)
801 4956 896 5009 iudith.
910 4959 937 5023 8,
955 4957 997 5010 30.
1029 4953 1228 5012 memorat.
1243 4970 1265 5007 c.

718 5058 744 5109 p.
763 5040 823 5093 617.
