3067 6450
322 1165 326 1171 ’
372 1187 512 1242 unauna
530 1185 666 1244 rnsnon.
702 1188 797 1242 vienn
816 1187 837 1245 ι.
875 1188 959 1243 vrsro
977 1188 1019 1244 ιιι.
1194 1196 1257 1262 333

131 1349 221 1428 mina,
244 1354 277 1410 ut
294 1346 431 1412 iratribus
447 1351 627 1430 annuntiem,
650 1357 678 1413 et
694 1349 852 1414 hilariores
868 1349 948 1431 fiunt,
969 1352 1088 1414 ethaeo
1103 1351 1256 1417 audientes
1352 1401 1356 1409 .

132 1453 334 1517 honorificent
357 1454 512 1517 Dominum
536 1475 602 1518 cum
625 1455 712 1517 multa
734 1456 861 1538 gloria.“
907 1456 944 1518 Et
966 1457 1014 1519 illa
1037 1458 1091 1520 ait:
1117 1458 1259 1535 ,audient

131 1558 251 1640 quidem
280 1558 379 1635 multi;
413 1564 443 1619 et
472 1577 561 1639 quum
591 1559 754 1638 audierint,
786 1559 903 1641 quidam
934 1576 983 1623 ex‘
1002 1563 1046 1624 eis
1074 1564 1258 1645 gaudebunt,

132 1662 251 1744 quidam
274 1668 370 1724 autem
398 1662 535 1728 flebunt..
565 1662 624 1725 Sed
655 1670 685 1725 et
714 1664 761 1725 isti
790 1665 962 1744 audientes,
993 1667 1018 1728 si
1046 1667 1257 1747 poenitentiam

132 1768 270 1850 egerint,
302 1774 333 1830 et
356 1766 412 1849 ipsi
436 1765 614 1848 gaudebunt.
659 1765 738 1829 Audi
770 1787 849 1838 nunc
881 1770 918 1832 de
948 1771 1138 1832 similitudine
1168 1773 1257 1834 turris

115 1874 231 1936 ¹omnia
255 1873 338 1951 baec,
362 1879 392 1935 et
414 1873 556 1935 hactenus
581 1873 648 1934 mibi
673 1873 711 1935 de
731 1873 916 1935 revelatione
932 1868 1085 1953 molestior
1101 1892 1170 1937 esse
1186 1875 1256 1937 noli.

131 1977 343 2040 Revelutiones
367 1977 445 2039 enim
468 1979 542 2039 istae
565 1977 652 2039 bnem
675 1977 800 2053 habent;
823 1978 961 2057 impletae
982 1987 1051 2043 sunt
1072 1981 1159 2041 enim.
1197 1977 1255 2042 Sed

131 2087 163 2144 tu
193 2100 253 2145 non
286 2080 398 2143 desinis
428 2082 457 2144 in
489 2081 618 2163 petendo
649 2082 848 2144 revelationes
857 2102 866 2157 3
902 2079 1079 2165 'improbus
1108 2084 1185 2146 enim
1213 2101 1256 2146 es.

132 2186 239 2248 Turris
262 2185 400 2266 quidem,
424 2205 509 2267 quam
534 2186 617 2247 vides
639 2186 807 2266 aedificari,
831 2205 890 2269 ego
913 2206 977 2250 sum
1002 2189 1149 2268 ecclesia,
1178 2207 1256 2270 quae

131 2293 184 2354 tibi
214 2292 354 2374 apparui,
387 2299 418 2355 et
447 2293 536 2356 modo
567 2299 596 2354 et
625 2293 715 2374 prius.
762 2292 977 2375 Quodcumque
1000 2295 1090 2376 igitur
1113 2293 1255 2373 volueris,

131 2399 286 2479 interroga
311 2395 349 2457 de
371 2397 461 2475 turri,
493 2403 523 2458 et
545 2396 687 2459 revelabo
711 2397 780 2476 tibi,
810 2403 841 2459 ut
863 2397 996 2478 gaudeas
1025 2418 1091 2461 cnm
1114 2397 1254 2460 sanctis.“

131 2503 207 2565 Dico
232 2502 280 2564 ei:
314 2500 469 2580 „dominu,
492 2503 631 2583 quoniam
654 2520 701 2563 me
724 2501 818 2563 semel
842 2500 962 2585 dignum
985 2504 1123 2566 arbitrata
1146 2522 1199 2582 es,
1223 2509 1257 2566 ut

131 2605 231 2667 omnia
255 2605 324 2668 mibi
347 2606 476 2685 reveles,
501 2597 632 2669 revela.“
678 2606 729 2667 nit
751 2605 838 2668 mibi:

131 2703 229 2773 de'oiv
250 2704 410 2790 ἐνδέχεται
441 2729 494 2774 σοι
523 2705 681 2773 ἅποκαλυ.
709 2707 968 2791 ²„quodcumque
1002 2712 1168 2794 oportuerit
1205 2711 1256 2774 tibi

130 2812 272 2900 φθῆναι,
296 2804 621 2901 ἀποκαλυφθήσεται,
709 2815 848 2894 revelari,
871 2791 1061 2895 revelabitur,

130 2926 242 2983 tantum
267 2925 297 2981 ut
320 2927 476 2983 cortuum
499 2920 576 3002 apud
599 2919 755 2982 Dominum
779 2920 834 2998 sit,
868 2927 897 2981 et
920 2938 959 2982 ne
984 2919 1119 2997 dubites,
1153 2918 1255 3000 quod·

131 3042 260 3105 cumque
283 3024 424 3087 videris.“
463 3024 650 3105 Interrogavi
676 3023 769 3085 illam:
795 3041 908 3103 „quare
930 3024 1018 3084 turris
1036 3022 1188 3085 aedificata
1209 3030 1256 3085 est

131 3146 227 3211 super
248 3146 352 3209 aquas,
376 3127 539 3191 domina?“
579 3127 758 3209 Respondit:
785 3127 938 3206 „dixeram
955 3129 1005 3188 tibi
1022 3135 1052 3188 at
1067 3129 1159 3208 prius,
1182 3146 1256 3188 ver-

133 3241 231 3298 sutum
254 3240 285 3295 te
309 3251 396 3312 esse,
427 3234 506 3299 circe
535 3239 698 3296 structuras
730 3232 888 3315 diligenter
917 3230 1114 3311 inquirentem
1122 3250 1132 3306 ;
1167 3232 1257 3311 igitur
1325 3303 1334 3314 .

132 3339 270 3402 invenies
294 3340 457 3402 veritatem.
503 3339 602 3413 Quare
626 3355 701 3420 crgo
724 3319 816 3417 super
838 3352 931 3415 aquas
960 3333 1131 3397 aedificatur
1157 3335 1257 3414 turris,

132 3442 217 3505 audi:
252 3444 390 3525 quoniam
420 3444 478 3506 vita
507 3448 605 3506 vestra
636 3461 690 3523 per
717 3459 822 3522 aquam
845 3439 927 3503 salva
951 3437 1025 3502 iacta
1049 3445 1112 3516 est,
1145 3443 1175 3500 et
1197 3437 1256 3501 liet.

131 3546 265 3628 Fundatp
296 3555 342 3610 est
372 3548 450 3610 enim
481 3544 604 3610 ³verbo
635 3546 846 3628 omnipotentis
876 3551 906 3607 et
932 3542 1088 3607 bonoribci
1111 3543 1237 3605 nominis
1245 3562 1255 3619 3

133 3653 304 3715 continetur
326 3659 424 3714 autem
449 3653 485 3714 ab
513 3651 650 3714 invisibili
673 3652 782 3713 virtute
805 3649 889 3711 θεῖ.α

217 3754 264 3817 Ν.
309 3754 506 3837 Respondeas
530 3756 597 3819 dico
620 3758 665 3819 ei:
700 3754 878 3836 „magnilica
906 3754 1015 3816 babent
1046 3768 1080 3813 se
1110 3767 1161 3812 res
1191 3748 1256 3811 bae.
1339 3800 1341 3803 .

131 3859 173 3922 llli
197 3865 294 3923 autem
313 3861 445 3941 Juvenes
468 3879 534 3939 sex,
556 3862 606 3941 qui
629 3859 795 3938 aedificant,
820 3859 972 3939 quisunt,
996 3853 1160 3917 domina?“
1202 3851 1257 3931 ,lli

131 3969 200 4026 suut
223 3964 323 4046 augeli
344 3965 421 4043 Dei,
445 3965 495 4045 qui
518 3966 613 4045 primo
637 3964 787 4026 constituti
810 3968 896 4041 sunt,
920 3962 1027 4042 quibus
1050 3956 1169 4020 tradidit
1191 3955 1258 4018 Do·

129 4069 229 4131 minus
252 4070 421 4132 universam
445 4075 610 4132 creaturam
631 4087 724 4148 suam,
748 4066 893 4145 struendi,
916 4062 1091 4128 aedificandi
1110 4069 1139 4124 et
1158 4060 1258 4123 domi-

130 4172 222 4234 nandi
245 4179 400 4236 creaturae
424 4173 510 4235 illius.
550 4170 629 4235 ⁴Per
653 4174 709 4236 bos
733 4174 810 4235 enim
835 4169 1087 4235 consummabitur
1108 4172 1258 4248 structura

130 4276 251 4340 turris.“
291 4276 429 4357 ,caeteri
451 4284 559 4357 autem,
583 4278 633 4358 qui
656 4276 813 4359 adportant
832 4274 956 4356 lapides,
980 4273 1030 4354 qui
1046 4270 1161 4335 ειιιιιί(ζ
1203 4267 1259 4349 ,Et
1365 4336 1370 4345 ‚

165 4501 196 4569 1)
215 4498 235 4551 1.
249 4514 272 4555 ο.
284 4502 430 4565 amana,
451 4504 573 4572 cupidae.
600 4499 681 4553 Editi:
710 4499 758 4552 Alii
784 4499 863 4553 verba
886 4502 997 4570 fuadmo
1015 4506 1056 4554 eat
1072 4502 1122 4548 etc.
1151 4494 1182 4546 ad
1200 4500 1257 4544 tur-

128 4590 311 4657 turpatum.
338 4588 423 4638 Oxos.
709 4587 755 4638 rim
773 4586 895 4638 referunt.

166 4673 199 4739 2)
218 4671 291 4724 Hune
322 4670 406 4724 locum
441 4672 527 4727 laudat
562 4678 682 4731 Glemona
744 4673 773 4741 4)
792 4673 831 4725 nb
850 4672 958 4741 angelis,
978 4666 1152 4739 quibuallaua
1171 4680 1257 4717 curam

130 4759 204 4813 Alex.
224 4757 314 4810 Strom.
334 4757 365 4823 ll,
387 4760 408 4810 1.
427 4776 451 4827 p.
471 4761 530 4812 ⁴30.
708 4760 860 4827 populorum
873 4759 967 4822 tribuit,
981 4751 1257 4818 ecolesinaedilicatur,

167 4844 196 4910 3)
215 4843 257 4897 Sc.
275 4848 493 4913 aitaaaatraper
509 4849 682 4916 baptismum,-
709 4847 802 4915 quippe
832 4848 875 4915 qui
903 4844 1011 4914 populor
1037 4853 1096 4893 suos
1123 4839 1154 4891 ad
1182 4838 1257 4892 fldem

132 4948 215 5002 μοι,
238 4948 319 5002 quan
340 4936 379 4987 ita
401 4936 439 4988 ait
461 4935 573 5000 fundato
591 4936 681 5003 sieque
708 4933 842 4985 adducant

88 5053 95 5064 =
133 5021 315 5086 emmor,
339 5022 398 5076 idea
421 5022 495 5075 torri
511 5028 552 5075 eat
569 5021 679 5076 vindic.
