3067 6450
552 1871 1009 1990 ChllllllhllS

371 2079 628 2163 urrsrom
668 2083 729 2164 m
771 2081 1093 2167 contuentes
1130 2085 1180 2167 m

271 2393 295 2455 1.
342 2392 506 2458 salutatio.
552 2395 637 2458 douo
663 2395 894 2460 sminthiorum
918 2409 990 2461 onte
1014 2409 1115 2463 ortum
1136 2400 1294 2492 schisma.¹

301 2512 463 2579 ²Ecclesia
486 2518 557 2595 Dei,
582 2537 658 2599 quae
681 2517 794 2580 Romae
818 2516 1072 2605 ³peregrinatur,
1095 2520 1249 2584 Ecclesiae
1272 2519 1339 2599 Dei,

213 2638 288 2701 quae
306 2620 439 2720 Cprinthi
455 2624 679 2705 peregrinatur,
703 2625 833 2702 vocatis,
856 2626 1044 2689 sanctificatis
1061 2626 1211 2688 voluntate
1229 2625 1338 2705 divine,

212 2743 266 2806 per
283 2725 441 2787 Dominum
463 2734 598 2788 nostrum
616 2725 719 2789 lesum
738 2729 894 2793 Christum.
938 2731 1038 2794 Gratia
1061 2732 1147 2794 vohis
1171 2736 1201 2792 et
1223 2749 1282 2812 pax
1300 2730 1336 2792 ah

211 2830 413 2910 omnipotente
435 2829 501 2893 Deo
533 2850 587 2911 per
615 2831 718 2894 lesum
743 2832 889 2897 Christum
921 2834 1135 2916 multiplicetur.
1181 2830 1336 2915 ⁴Propter

209 2934 323 2997 subitas
354 2952 390 2996 aa
421 2935 477 2997 sihi
507 2936 634 2998 invicem
664 2938 864 3000 succedentes
895 2938 1073 3001 calamitates
1105 2944 1136 3000 et
1157 2955 1245 3000 casus
1278 2935 1335 2998 ad-

208 3056 327 3117 versos,
351 3039 401 3119 qui
417 3040 503 3101 nohis
520 3038 701 3119 acciderunt,
726 3041 847 3121 tardius,
873 3042 990 3121 iratres,
1012 3043 1230 3123 nosmetipsos
1255 3059 1333 3103 con-

204 3144 333 3206 vertisse
365 3140 593 3207 ⁵existimamus
623 3144 660 3206 ad
693 3164 746 3225 ea,
779 3165 855 3228 quae
888 3147 1006 3208 lucram
1037 3147 1170 3228 quaesita
1196 3164 1212 3207 a
1237 3144 1332 3221 vohis,

204 3248 321 3326 dilecti,
351 3256 381 3311 et
410 3248 446 3311 ad
477 3249 654 3312 seditionem
686 3252 801 3333 impiam
831 3270 866 3313 ac
889 3251 1109 3328 detestandam,
1141 3251 1196 3311 Dei
1227 3247 1331 3310 electis

205 3348 422 3436 ⁶peregrinam
446 3359 476 3414 et
499 3353 640 3433 alienam,
673 3375 759 3436 qnam
784 3356 869 3435 pauci
893 3355 1028 3415 homines
1051 3353 1199 3415 temerarii
1222 3359 1252 3413 et
1273 3369 1331 3413 au-

203 3455 293 3518 daces
328 3456 358 3517 iu
385 3463 494 3520 tantum
526 3459 702 3520 insolentiae
733 3458 952 3536 accenderunt,
985 3465 1017 3519 ut
1049 3451 1271 3519 ⁷honorificum
1301 3462 1331 3519 et

200 3560 316 3622 illustre
333 3578 442 3623 nomen
462 3568 604 3640 vestrum,
627 3570 657 3624 et
677 3562 714 3623 ab
737 3563 874 3624 orrrnihus
897 3561 987 3623 amari
1009 3560 1141 3644 dignum,
1165 3558 1330 3621 vehemen-

201 3671 246 3727 ter
262 3663 527 3746 blasphemaretur.
565 3660 663 3739 ⁸Quis
682 3666 771 3744 eninr,
791 3665 868 3746 apud
890 3684 945 3728 vos
965 3665 1142 3742 diversatus,
1164 3662 1244 3725 omni
1264 3662 1329 3723 nir-

201 3776 263 3832 tute
283 3770 402 3851 plenam
423 3772 596 3852 firmamque
618 3789 652 3833 ac
672 3770 805 3832 stabilem
828 3770 915 3832 fidem
937 3776 1065 3831 vestram
1086 3786 1146 3829 non
1168 3764 1328 3848 probavit?

201 3875 394 3955 sobriamque
417 3882 448 3937 ct
470 3874 650 3938 moderatam
675 3876 703 3937 in
729 3874 846 3937 Christo
877 3877 1015 3957 pietatem
1046 3892 1105 3936 non
1129 3880 1174 3935 est
1198 3869 1327 3932 admira·

201 3978 274 4041 lus?
305 3984 335 4042 et
358 3978 530 4061 splendidos
555 3996 589 4040 ac
612 3978 751 4041 liberales
776 3979 978 4060 hospitalitatis
1000 3985 1119 4040 vestrae
1142 3993 1242 4039 mores
1266 3993 1326 4037 non

200 4081 408 4164 praedicavit?
439 4090 468 4145 ct
491 4082 656 4164 perlectam
682 4089 853 4164 certamque
883 4084 1084 4167 cognitionem
1115 4088 1243 4143 vestram
1266 4098 1325 4142 non

200 4188 317 4252 beatam
348 4188 554 4251 existimavit?
600 4186 704 4250 Omnia
736 4190 814 4251 enim
847 4190 912 4251 sine
942 4204 1138 4269 personarum
1171 4186 1274 4247 intuitu
1309 4203 1325 4247 a

234 4413 264 4476 5)
288 4410 327 4463 lta
346 4411 433 4479 legunt
451 4411 587 4463 Wottoaus
606 4419 632 4461 et
653 4409 749 4462 lacob-
814 4413 842 4476 7)
862 4410 905 4462 Sic
922 4425 1024 4480 quoqne
1044 4409 1108 4462 inira
1128 4426 1150 4461 e.
1168 4410 1215 4459 ll:
1238 4405 1264 4457 ιο·
1282 4424 1324 4455 m-

199 4514 294 4564 utuum
313 4496 456 4560 δυσοίζομεν
476 4497 578 4560 lunium
605 4498 751 4565 γνωρίζομεν
778 4495 840 4560 pror
865 4500 904 4562 τῆς
928 4494 1072 4565 urprssmjrou
1089 4493 1239 4561 φιλαδελφίας
1257 4488 1325 4555 ὑμῶν

200 4586 358 4639 Wetstenius
376 4592 402 4636 at
420 4583 652 4642 schoenemannus.
778 4582 901 4648 ἐμείωσαν.

233 4670 748 4739 ωὴωωεώωωωη
811 4664 1323 4736 &HQ-mfflmffimm

202 4758 268 4828 quod
288 4757 375 4826 placat
394 4755 481 4811 hlillio.
777 4757 870 4825 legitur
887 4756 954 4823 apnrl
975 4758 1129 4811 Clementem
1142 4756 1217 4806 Alex.
1232 4749 1322 4801 Strom.
1434 4736 1455 4761 ³

778 4844 817 4894 Ν.
838 4860 861 4895 c.
884 4843 922 4893 17.
942 4859 967 4910 p.
987 4842 1038 4892 610
1057 4839 1097 4891 ed.
1119 4836 1184 4889 Pon.
