3067 6450
447 1183 570 1239 sonunt
587 1183 746 1239 aurstein
765 1184 810 1238 ΑΙ)
830 1183 998 1240 hosustos.
1017 1185 1037 1240 Ι.
1057 1186 1089 1241 ss.
1267 1191 1329 1255 153

199 1348 294 1412 vobis
316 1348 510 1431 comparastis
544 1342 667 1409 ¹indoia
690 1348 784 1429 proha
806 1348 969 1412 secundum
993 1348 1080 1413 fidem
1105 1357 1134 1414 et
1157 1350 1329 1412 charitatem

201 1455 234 1517 in
250 1452 324 1516 Jesu
341 1452 470 1530 Christo,
491 1451 643 1515 salvatore
658 1459 763 1515 nostro
771 1474 780 1529 ;
804 1450 889 1537 (cum
912 1452 1100 1519 ‘¹imitatores
1122 1456 1187 1518 sitis
1203 1455 1268 1532 Dei,
1293 1453 1329 1516 sd

203 1561 295 1622 vitam
319 1556 477 1623 ³revocati
501 1575 556 1640 per
577 1556 753 1640 sanguinem
777 1557 862 1637 ‘Dei
886 1576 962 1641 opus
986 1559 1176 1623 fraternitatis
1196 1557 1330 1640 periecte

203 1663 375 1727 absolvistis
383 1683 393 1739 3
426 1668 581 1745 postquam
612 1662 689 1725 enirn
721 1664 861 1743 audistis,
892 1683 939 1727 me
969 1665 1098 1727 vinctum
1125 1683 1143 1727 c
1166 1664 1250 1747 Syria
1275 1680 1329 1745 pro

204 1767 355 1830 communi
385 1768 506 1829 nomine
536 1774 566 1829 et
593 1784 666 1849 spe,
705 1764 837 1831 ⁵videre
872 1767 1032 1830 iestinastis
1068 1787 1115 1830 me
1151 1775 1331 1850 sperantem,

205 1871 287 1952 quod
318 1872 428 1935 vestris
459 1855 598 1952 precihus
628 1889 814 1953 consequar,
850 1878 880 1935 ut
902 1872 1014 1935 Romae
1044 1872 1189 1934 adversus
1221 1872 1331 1934 bestias

206 1994 358 2059 pugnam,
391 1981 424 2038 ut
459 1994 514 2057 per
545 1977 715 2058 martyrium
748 1976 871 2059 adipisci
906 1979 1035 2058 possim,
1070 1976 1230 2058 discipulus
1262 1993 1332 2037 esso

206 2077 335 2158 ⁶ihius,
369 2081 418 2162 qui
452 2098 488 2143 se
522 2081 617 2163 ipsum
650 2099 704 2163 pro
738 2082 825 2144 nohis
856 2081 962 2144 ohtuiit
991 2081 1057 2145 Deo
1091 2082 1269 2144 oblationem
1304 2085 1334 2141 et

207 2182 371 2267 hostiam);
404 2179 550 2268 ¹suscepi
574 2204 650 2268 ergo
682 2188 711 2248 iu
745 2187 864 2249 nomine
885 2185 940 2247 Dei
968 2184 1180 2248 multitudinem
1204 2190 1332 2245 vestram

207 2290 236 2351 iu
253 2288 408 2367 Orrcsimo,
431 2289 638 2354 inenarrabilis
658 2291 806 2354 charitatis
826 2291 901 2368 viro,
923 2297 1027 2352 vestro
1047 2297 1145 2352 autem
1164 2291 1193 2351 iu
1216 2283 1333 2350 ⁸came

208 2395 372 2476 episcopo;
404 2411 492 2474 quern
517 2396 602 2476 juxta
625 2394 728 2457 desum
752 2395 899 2457 Christum
931 2395 1057 2457 arohis
1087 2394 1195 2471 amari,
1226 2392 1333 2473 cuique

208 2498 321 2560 similes
345 2515 400 2560 vos
424 2515 528 2561 omnes
552 2499 617 2563 heri
639 2506 719 2583 opto.
766 2497 944 2561 Benedictus
968 2500 1064 2579 enim,
1088 2500 1139 2580 qui
1161 2499 1257 2582 gratia
1279 2513 1332 2560 sua

210 2620 266 2666 vos
291 2601 379 2665 talem
401 2603 574 2686 episcopum
599 2604 756 2687 possidere
779 2602 918 2688 dignatus
942 2610 996 2667 est.

208 2795 241 2859 tt
287 2794 374 2858 Laos
396 2795 588 2875 reliquorum
611 2797 793 2878 iapctorum.
839 2797 1031 2862 Exhortatio
1061 2797 1104 2860 cd
1127 2796 1335 2862 obedientium

485 2920 562 2983 erpa
584 2903 764 2984 episcopum
787 2911 816 2965 et
834 2902 1068 2986 presbyterium.

300 3018 367 3085 ⁹De
390 3041 540 3087 conservo
563 3033 660 3088 autem
681 3045 748 3089 meo
765 3026 891 3105 Burrho,
915 3024 1078 3089 secundum
1095 3025 1189 3087 Deum
1206 3022 1334 3086 diacono

211 3135 326 3206 vestro,
349 3128 378 3190 in
402 3130 537 3192 omnihus
562 3130 729 3211 benedicto,
752 3150 817 3210 oro,
842 3137 873 3192 ut
895 3149 1015 3211 semper
1034 3130 1119 3192 vohis
1142 3135 1171 3190 et
1192 3128 1334 3208 episcopo

212 3236 250 3297 sit
280 3234 396 3296 honori.
442 3232 501 3298 Sed
533 3240 562 3297 ct
593 3235 723 3315 Crocus,
755 3243 785 3299 et
814 3235 879 3298 Deo
910 3242 940 3298 ct
970 3235 1057 3298 vohis
1088 3234 1215 3316 dignus,
1248 3250 1335 3313 quem

212 3339 366 3421 exemplar
387 3345 505 3403 restrae
528 3340 676 3404 charitatis
706 3343 828 3424 accepi,
859 3358 913 3421 per
936 3339 1035 3402 omnia
1057 3357 1104 3400 me
1135 3334 1160 3375 ¹¹¹
1174 3335 1332 3415 recreavit,

212 3443 364 3525 quomodo
397 3450 428 3506 et
456 3443 552 3527 ipsum
587 3443 606 3483 ¹¹
625 3444 785 3529 refrigeret
817 3451 901 3526 pater
922 3444 996 3507 Jesu
1019 3444 1145 3521 Christi,
1180 3460 1237 3505 uua
1270 3461 1336 3505 cum

213 3548 357 3612 Onesimo
381 3556 410 3611 et
432 3549 547 3613 Burrho
572 3557 602 3612 et
624 3549 719 3633 Euplo
743 3556 773 3613 et
788 3550 949 3627 Frontone,
973 3567 1028 3632 per
1052 3566 1128 3631 quos
1153 3566 1208 3610 vos
1232 3565 1336 3611 omnes

214 3653 313 3735 quoad
333 3653 502 3718 charitatem
520 3652 587 3717 vidi.
630 3651 654 3692 ¹¹
665 3655 758 3718 Fruar
779 3655 863 3719 vohis
885 3661 1041 3738 perpetuo,
1065 3656 1090 3716 si
1113 3653 1220 3737 dignus
1242 3651 1337 3716 suero.
1375 3701 1377 3706 .

215 3758 310 3821 Decet
340 3759 438 3841 itaque
467 3775 524 3821 vos
555 3759 691 3823 omnihus
722 3760 818 3823 modis
849 3758 1017 3841 glorificare
1049 3758 1152 3821 desum
1182 3756 1338 3835 Christum,

246 3894 278 3958 8)
296 3893 316 3947 i.
330 3910 353 3947 s.
369 3898 514 3966 spiscopus
533 3899 663 3962 visibitis,
681 3901 763 3951 ricem
790 3905 860 3950 tsrea
887 3897 919 3949 ad
945 3897 995 3949 hoc
1013 3904 1089 3965 caput
1107 3896 1226 3949 conseras
1245 3899 1337 3963 itotttr,

215 3997 308 4050 percus
326 3984 445 4051 episcopi
461 3986 626 4049 irrisibilis,
652 3988 763 4040 Christi.
791 3984 908 4054 Aniingo
927 3984 974 4036 dar
991 3983 1086 4037 chricti.
1105 3983 1197 4036 liircha
1215 4001 1240 4052 p.
1260 3982 1320 4035 191.

216 4066 267 4120 Cir.
301 4071 399 4135 noste,
431 4071 550 4140 Assdsps
568 4080 616 4124 stc.
646 4086 671 4138 p.
701 4072 760 4123 176.
810 4068 1338 4139 10)1101Ρ111111111;1001.16,18111.

216 4152 294 4221 Syrus
312 4152 391 4206 rerba
409 4150 435 4203 ir
452 4158 519 4222 capnt
540 4156 658 4224 neglexit.
790 4162 933 4211 Jsoonsor.

248 4239 278 4304 9)
297 4238 389 4293 Totum
407 4250 483 4309 caput
501 4243 638 4295 secundum
653 4244 727 4295 deest
739 4245 763 4295 iu
810 4245 854 4308 11)
873 4244 908 4296 ita
928 4242 983 4307 his,
1005 4258 1088 4311 raquo
1107 4241 1180 4295 aliter
1200 4242 1263 4312 legit
1282 4243 1348 4295 vot:

216 4327 337 4380 sarstono
348 4325 450 4394 Syriaca
466 4332 529 4395 (sou
547 4330 573 4380 111
585 4329 763 4398 Armeniaca];
791 4330 853 4396 lut,
879 4332 938 4383 dum
957 4331 1047 4382 vortit:
1072 4332 1218 4400 resripsrst.
1254 4328 1339 4381 Editir

216 4415 271 4481 pias
291 4412 421 4465 assimilis
439 4413 586 4479 monachus,
604 4418 647 4485 qui
662 4418 763 4469 versio·
791 4412 911 4483 ἀναψύξει.
923 4418 1167 4468 Prius.tacossos.
1187 4414 1238 4467 Cir.
1249 4414 1271 4467 11
1278 4414 1340 4469 Tim.

217 4514 275 4553 nem
287 4498 418 4566 Syriacam
433 4500 584 4566 elaboravit,
599 4503 683 4554 omnia
697 4504 763 4554 orni-
794 4503 818 4566 i,
841 4503 887 4554 ¹6:
913 4501 1023 4556 πολλάκις
1046 4518 1077 4564 με
1095 4495 1211 4567 ἆνίψυξε,
1238 4509 1264 4552 et
1282 4500 1339 4553 Act.

217 4588 279 4638 sisso
302 4584 415 4651 videtur,
441 4601 507 4655 quaa
532 4589 580 4656 ipsi
598 4596 624 4639 et
642 4590 699 4640 usui
717 4604 765 4641 suo
792 4588 879 4655 1119.
903 4593 1048 4640 troossos.

218 4676 333 4727 ucetico
351 4674 433 4724 minus
452 4687 563 4741 congrua
582 4675 695 4728 minusve
716 4691 764 4728 ne·
812 4677 857 4743 12)
876 4674 980 4727 Phraata
999 4675 1063 4726 hono
1081 4671 1262 4741 apostolicam,
1281 4687 1296 4722 s
1315 4669 1340 4725 S.

162 4797 174 4804 --
219 4760 330 4814 cessaria
356 4759 470 4827 putabat
506 4759 685 4815 Parasustisos
703 4778 765 4813 varo
793 4761 861 4815 Pauli
887 4762 936 4830 Ep.
962 4761 993 4812 ad
1020 4759 1126 4811 Philam.
1152 4774 1219 4809 vers.
1240 4756 1289 4821 20,
1314 4764 1342 4808 ut

219 4846 383 4915 epistolarum
401 4845 589 4914 Ignatiausrum
614 4847 686 4901 locos
706 4863 765 4900 om·
793 4849 907 4914 videtur,
931 4847 1086 4910 desumtsm,
1112 4846 1213 4912 saepius
1238 4844 1342 4911 usurpat

218 4948 316 5003 ossum
340 4933 374 4985 ad
397 4934 476 4986 sitam
499 4934 567 4986 heus
589 4934 765 4988 instituendam
793 4936 914 5005 ignatius.
951 4931 1001 4986 cn.
1020 4933 1053 4984 ad
1072 4931 1155 5000 hingo.
1173 4948 1195 4982 c.
1208 4930 1232 4981 2.
1248 4930 1288 4981 12.
1310 4928 1342 4984 ad

220 5020 408 5082 exhortationes
429 5019 519 5074 sedulo
536 5020 648 5098 collspit.
684 5020 765 5076 Prsa-
793 5022 865 5076 Rom.
884 5037 907 5073 c.
926 5020 951 5073 ⁵.
975 5020 1007 5075 ad
1024 5018 1113 5086 Poipc.
1135 5019 1146 5069 1
1169 5025 1196 5071 at
1214 5017 1238 5070 d.
