3067 6450
184 1212 299 1285 [srrsr.
319 1210 345 1267 r.
365 1212 476 1283 ouen]
619 1212 874 1270 rnouseonsun.
1241 1218 1309 1275 xm

238 1402 278 1487 ll.
317 1404 372 1487 DE
398 1405 563 1491 DUABUS
590 1405 799 1488 EPlSTllLlS
827 1406 1061 1492 CLEMENTIS
1089 1411 1256 1495 Ruhlut.

271 1581 291 1644 l.
329 1582 509 1644 Clementem
532 1582 696 1645 Romanum
719 1581 847 1644 eundem
878 1601 947 1648 esse
977 1604 1043 1649 cum
1073 1604 1129 1664 eo,
1162 1606 1251 1668 quem
1275 1586 1330 1652 S.¹

183 1685 289 1748 Paulus
312 1687 341 1747 in
358 1686 410 1767 Ep.
435 1686 471 1748 ad
487 1687 607 1769 Philipp.
624 1683 655 1765 4,
671 1682 690 1747 3
707 1683 842 1748 laudibus
859 1687 945 1750 elteri
961 1687 999 1772 ¹),
1023 1691 1083 1772 jam
1101 1691 1250 1772 Origenes
1264 1686 1308 1774 ²),

183 1790 330 1853 Eusebius
343 1788 385 1874 θ),
409 1791 588 1871 Epiphanius
601 1787 644 1873 ⁴),
667 1789 867 1872 Hieronymus
881 1790 913 1873 ⁵)
936 1799 966 1855 et
989 1795 1037 1856 alii
1062 1804 1195 1858 veterum
1221 1794 1309 1858 alhr-

183 1900 299 1957 marunt
314 1891 356 1976 ⁶).
402 1894 514 1968 Quodsi
538 1912 588 1956 res
612 1896 649 1955 ita
673 1910 707 1954 se
731 1893 835 1972 habel,
859 1894 946 1958 lncile
969 1905 1101 1979 apparel,
1124 1900 1308 1961 Clementem

184 2000 213 2062 S.
244 1997 342 2076 Pauli,
376 1998 516 2080 Philippis
550 1999 578 2059 in
614 1997 789 2060 Macedonia
824 2000 959 2063 secundo
998 2003 1104 2064 itinere
1141 2002 1308 2083 apostolico

183 2102 220 2166 Α.
244 2101 372 2166 53-55
395 2101 469 2185 (etr.
493 2102 558 2164 Act.
585 2099 654 2184 16.)
676 2101 872 2184 Evangeliurn
895 2105 1112 2185 praedicantis,
1136 2106 1249 2167 socium
1273 2121 1309 2166 ao

184 2209 388 2291 coadjutorem
411 2209 522 2289 optime
545 2209 680 2269 meritum
704 2205 806 2269 luisse.

271 2313 502 2395 chrysostomus
524 2313 554 2374 in
571 2311 791 2374 Commentario
806 2312 842 2375 ad
858 2312 870 2375 l
886 2313 1011 2377 Timoth.
1033 2315 1212 2396 suspicatur,
1235 2312 1309 2376 Cle-

183 2425 329 2496 mentem,
361 2418 472 2498 pariter
503 2433 538 2476 ac
560 2415 669 2477 Lucam
700 2421 730 2476 el
752 2416 954 2498 Timotheum,
986 2427 1161 2501 perpetuum
1194 2418 1309 2481 itineris

184 2525 321 2586 comitem
345 2522 412 2584 Divi
434 2519 515 2583 Pauli
539 2520 641 2583 luisse.

271 2626 340 2688 Mihi
355 2633 453 2689 autem
465 2625 602 2688 Clemens
619 2625 698 2688 einis
713 2625 802 2688 urbis
813 2626 1056 2706 Philippensium
1072 2625 1166 2689 luisse
1179 2626 1307 2707 videtur,

184 2731 235 2811 qui
268 2748 284 2792 a
313 2732 420 2809 Paulo,
453 2729 592 2812 Philippis
626 2735 777 2808 morante,
811 2747 993 2813 conversus,
1029 2732 1095 2811 ipse
1126 2748 1308 2812 praeconem

182 2833 337 2917 Evangelii
352 2836 382 2898 in
399 2851 492 2916 opere
508 2833 672 2915 apostolico
689 2837 800 2915 optime
815 2834 936 2916 adjuvit,
956 2835 1046 2899 Paulo
1060 2841 1156 2899 autem
1171 2836 1309 2915 abeunte,

184 2940 265 3002 dorni
287 2941 438 3018 remansit,
461 2941 537 3001 inter
558 2955 631 3001 suos
655 2938 763 3002 Christi
787 2956 907 3002 causam
928 2955 1033 3022 agens.

216 3067 220 3073 ·
270 3043 405 3106 Pluribus
429 3047 600 3127 conjectura
624 3048 726 3105 nostra
749 3043 869 3125 probari
892 3047 999 3125 potest.

234 3143 272 3232 a)
295 3148 389 3221 Ouum
413 3149 520 3210 Paulus
544 3148 694 3230 Philippos
725 3153 919 3230 properaret,
936 3148 1101 3210 neminem
1130 3146 1184 3208 nisi
1209 3146 1308 3225 Silam,

293 3251 478 3315 Timotheum
494 3257 524 3314 et
535 3251 644 3313 Lucam
660 3251 797 3313 comitem
808 3251 949 3314 habuisse
961 3252 1089 3315 videtur.
1106 3251 1166 3314 Clr.
1178 3250 1242 3312 Aci.
1258 3246 1306 3314 16.

232 3353 271 3438 b)
292 3357 400 3419 Nullibi
438 3373 523 3419 sacra
558 3355 709 3436 Scriptura
743 3354 904 3418 Clementis
941 3357 1091 3433 meminit,
1129 3353 1307 3435 Apostolum

293 3460 412 3523 Paulum
436 3462 465 3522 in
489 3459 645 3522 itineribus
666 3460 842 3521 comitantis.

234 3561 272 3648 c)
294 3563 340 3627 Ex
370 3564 490 3646 Philipp.
515 3560 593 3641 l,3
628 3561 711 3625 clare
744 3567 882 3644 apparet,
917 3568 1052 3643 tempore
1082 3562 1196 3642 primae
1226 3559 1308 3623 Pauli

294 3669 470 3749 captivitatis
492 3668 642 3730 Romanae
665 3667 847 3729 Clementem
870 3666 1010 3748 Philippis
1034 3665 1164 3749 degisse.
1325 3690 1329 3698 ·

234 3771 272 3855 d)
294 3772 416 3854 Philipp.
440 3770 470 3849 4,
494 3770 514 3835 3
538 3771 699 3834 Clementis
723 3789 784 3834 non
807 3771 892 3834 aliter
914 3770 946 3834 tit
969 3773 1096 3849 mentio,
1127 3788 1162 3831 ac
1193 3788 1308 3850 eorum,

293 3877 344 3956 qni
366 3878 450 3938 cives
473 3876 677 3957 Philippenses
700 3876 816 3957 absquo
839 3874 928 3938 ‹lulrio
951 3874 1080 3938 luerunt.

273 3979 416 4059 Quando,
440 3980 489 4043 ubi
505 3986 535 4043 et
550 3998 677 4060 quonam
693 3998 809 4063 genere
827 3986 908 4042 ortus
926 3979 1015 4042 luerit
1030 3978 1167 4041 Clemens
1194 3984 1308 4059 noster,

184 4500 218 4561 ὧν
236 4508 267 4560 τὲ
284 4508 395 4575 ὀνόματα
412 4510 438 4561 Pr
455 4514 535 4579 βίβλῳ
553 4513 615 4576 ζωῆς.
762 4512 863 4580 pondus
873 4528 904 4564 ex
914 4527 957 4575 eo,
968 4496 1035 4578 quod
1046 4509 1174 4574 Irenaeua,
1189 4512 1231 4579 qui
1242 4509 1310 4560 omni

220 4598 250 4666 2)
268 4597 295 4649 ln
313 4597 403 4651 Joann.
426 4598 516 4663 1,29.
562 4597 626 4666 Opp.
646 4596 674 4650 Τ.
694 4596 734 4651 lV.
763 4597 841 4649 laude
868 4596 1025 4649 Clementem
1051 4605 1164 4648 nonnum
1192 4594 1310 4658 cumulat,

186 4701 211 4752 p.
233 4684 282 4736 1⁵3
301 4685 342 4737 ad.
363 4685 443 4737 Runa.
763 4684 797 4736 de
815 4684 859 4735 tali
878 4700 909 4736 ιο
927 4692 996 4735 muto
1020 4685 1165 4734 testimonio
1190 4679 1309 4748 (Philipp.

221 4769 250 4834 3)
268 4770 298 4823 Η.
318 4770 348 4821 E.
369 4770 411 4836 lll,
432 4771 472 4822 15.
763 4774 789 4835 t,
809 4770 837 4839 3)
857 4786 890 4821 ne
908 4769 1015 4821 verbum
1035 4769 1137 4837 quidem
1157 4766 1257 4817 habeat.

220 4857 248 4922 4)
266 4854 372 4909 linares.
391 4858 433 4909 27.
452 4871 477 4908 u.
496 4856 521 4909 6.
797 4857 825 4919 6)
836 4853 1141 4919 Contradicuntliilaehl,
1152 4849 1312 4931 Entstelmng

220 4942 250 5007 5)
268 4941 345 4995 liber
372 4943 404 4995 da
431 4944 492 4995 virle
521 4942 609 4994 illustr.
639 4958 662 4995 o.
691 4943 732 4995 15.
762 4941 809 4994 der
834 4940 962 4993 altkathol.
985 4938 1085 4990 llirohe.
1115 4935 1189 4989 1850.
1215 4951 1240 5003 p.
1259 4934 1311 4988 20⁴

185 5026 338 5098 Opinionem
356 5028 421 5082 hanc
439 5030 587 5098 impugnant
606 5030 733 5095 Giaaaler,
763 5037 794 5079 at
807 5029 967 5099 illimato,
985 5022 1002 5081 l,
1022 5039 1045 5074 c.
1063 5039 1085 5094 p.
1107 5021 1148 5073 95.
