3067 6450
346 1182 484 1244 unumne
503 1181 636 1238 PASTOR.
675 1182 771 1237 llBElt
790 1183 831 1238 lll.
868 1185 993 1240 sttttttr.
1013 1187 1053 1243 vt.
1200 1192 1265 1258 395

135 1340 168 1410 ἐν
191 1337 448 1421 ἀκαταστασίαις,
468 1341 572 1431 ἕτεροι
598 1335 689 1432 ὑβρι-

135 1440 263 1529 ζόμενοι
278 1437 345 1512 δτιό
360 1447 422 1511 τῶν
436 1443 617 1527 ἐλαττόνων,
636 1446 689 1512 καὶ
713 1451 833 1514 Plurimi
850 1450 927 1512 enim
944 1451 1122 1513 inconstanti
1138 1454 1264 1519 oonsilio

135 1550 263 1641 ἑτέραις
274 1547 585 1640 ποικίλαιςπράξεσι.
602 1553 689 1618 Πολ
714 1554 804 1617 multa
827 1561 987 1633 conantur,
1019 1574 1076 1618 nec
1105 1558 1265 1638 quidquam

134 1655 187 1721 tot
208 1656 268 1745 peip
293 1650 525 1733 οἷκαταστοίντες
556 1655 589 1723 ἐν
617 1659 688 1732 ταῖς
714 1659 854 1722 conducit
871 1659 933 1735 eis,·
950 1665 979 1720 et
992 1659 1092 1723 dicunt
1108 1662 1137 1723 in
1151 1664 1265 1727 actibus

132 1762 264 1842 βουλαῖς
313 1754 415 1826 αὐτῶν
463 1753 688 1842 ἐπιβάλλονται
713 1764 787 1843 suis,
810 1780 991 1825 successum.
1005 1782 1040 1826 se
1062 1783 1122 1827 non
1143 1767 1264 1830 habere.

134 1863 180 1941 εἰς
202 1864 309 1932 πολλοὶ
323 1857 502 1954 πράγματα,
523 1865 577 1931 καὶ
595 1863 688 1931 οὐδὲν
714 1868 897 1932 Succurrunt
912 1868 948 1928 iis
966 1886 1010 1946 ea,
1035 1887 1112 1949 quae
1128 1873 1266 1952 nequiter

135 1967 246 2047 αὐτοῖς
290 1965 375 2044 ὅλως
410 1968 591 2052 annuatia,
634 1970 686 2036 καὶ
714 1971 860 2049 lecerunt,
876 1977 905 2034 et
921 1971 1077 2036 Dominum
1097 1983 1264 2040 causantur.

135 2073 412 2164 δυσχεραίνουσιν,
439 2073 490 2139 καὶ
515 2068 554 2140 οὐ
575 2067 686 2162 pavidu-
714 2075 810 2148 Ouum
823 2075 911 2157 igitur
924 2079 1059 2158 perpessi
1072 2077 1182 2142 luerint
1195 2099 1264 2144 om-

133 2200 256 2257 νουσιυ,
285 2172 337 2245 ὅτι
359 2172 414 2243 διδ
434 2174 478 2243 rai
502 2174 640 2267 πονηροὶ,
668 2179 689 2247 ἃ
713 2196 781 2240 ηοω
796 2181 986 2243 vexationem
1003 2189 1032 2245 et
1045 2200 1132 2246 omne
1145 2186 1264 2247 incom-

134 2279 295 2374 ἔπραξαν,
327 2276 382 2349 οὐκ
407 2275 606 2350 elaeonem·
636 2281 688 2347 καὶ
713 2282 843 2363 ωοδοω,
867 2291 943 2347 tunc
958 2286 1112 2351 traduntur
1134 2289 1204 2350 mihi
1227 2287 1264 2353 ad

134 2383 252 2456 λοιπόν
273 2384 471 2475 αι’[τιιόνται]
490 2383 549 2453 τόν
569 2386 687 2476 κδριον,
713 2387 821 2449 bonam
837 2387 1077 2471 admonitionem,
1094 2399 1124 2455 et
1139 2393 1277 2455 firman·-

133 2492 185 2558 καὶ
210 2484 268 2558 οὐκ
288 2489 454 2574 ἀνέχονται
483 2488 542 2568 τοὶς
571 2491 689 2567 tuende
715 2497 761 2552 tur
785 2492 813 2553 in
837 2492 896 2555 fide
912 2493 1038 2573 Domini,
1061 2502 1092 2559 et
1112 2515 1165 2579 per
1186 2496 1263 2559 reli-

132 2589 254 2686 ἡμέρας
289 2589 392 2662 αὐτῶν
434 2593 688 2686 ἐπιστρέψαντες
714 2613 791 2675 quos
810 2595 873 2658 dies
889 2599 968 2660 vitae
987 2601 1121 2663 serviunt
1136 2601 1263 2665 Domino

133 2703 307 2768 δουλεῦσαι
334 2701 382 2786 τῷ
405 2703 476 2785 Θεῷ
505 2699 537 2766 ἐν
558 2702 690 2789 καθαρᾷ
714 2707 813 2761 mente
827 2718 910 2781 pura
947 2701 985 2764 Et
1001 2721 1090 2783 quum
1109 2706 1265 2787 coeperint

134 2803 258 2896 καρδίᾳ.
304 2797 363 2869 ’Ἀν
399 2804 436 2870 δὲ
471 2803 688 2892 μετανοήσωσι
714 2802 889 2866 delictorum
920 2820 1013 2888 agere
1044 2810 1264 2890 poeniteutiam,

135 2910 185 2976 nal
216 2902 419 2998 οἶνονίψωσι,
450 2908 688 2989 admonemini,
714 2914 784 2970 tunc
822 2908 986 2972 ascendunt
1023 2912 1052 2973 in
1087 2914 1263 2995 praecordia

135 3015 187 3082 ὅτι
210 3011 267 3080 διδ
287 3013 329 3078 rei
349 3008 426 3102 ἔργα
446 3007 552 3079 αὐτῶν
569 3011 610 3080 τοὶ
625 3036 687 3079 ιιο-
714 3033 819 3079 eorum
842 3035 934 3098 opera
957 3033 1021 3098 sua,
1044 3021 1073 3081 in
1100 3022 1205 3101 quibus
1228 3040 1264 3084 sa

134 3117 214 3208 appui
229 3112 287 3184 οὐκ
307 3116 492 3185 εδοδοῖνυο·
513 3117 567 3184 καὶ
589 3111 688 3193 οὕτως
714 3123 852 3202 nequiter
883 3129 1084 3185 exercuerunt
1091 3144 1101 3199 3
1137 3129 1166 3184 et
1196 3128 1265 3185 tunc

138 3216 311 3306 δοξάζουσι
334 3219 391 3291 cdv
412 3213 534 3312 κύριον,
565 3219 615 3287 ὅτι
639 3218 689 3287 dl·
716 3225 785 3289 dant
818 3226 884 3289 Deo
918 3227 1081 3307 horrorem,
1122 3226 1265 3308 dicentes,

137 3352 228 3405 καιος
251 3324 359 3418 κριτής
376 3326 469 3405 ἐστιν,
492 3324 544 3391 καὶ
560 3324 691 3404 δικαίως
711 3332 824 3413 justum
841 3330 973 3412 judicem
996 3349 1064 3394 oum
1089 3349 1168 3409 esse,
1196 3351 1266 3394 me-

138 3429 276 3512 ἔιιαδον,
291 3430 343 3496 καὶ
358 3420 596 3518 ἐπαιδεὺδησαυ
610 3430 691 3497 κατα
716 3435 835 3515 rituque
858 3453 892 3497 se
915 3437 1012 3498 omnia
1036 3454 1105 3499 esse
1136 3454 1267 3520 perpes-

139 3536 200 3616 τάς
222 3529 356 3627 πράξεις
378 3532 491 3601 αὐτῶν.
716 3557 769 3602 sos
792 3538 956 3602 secundum
979 3540 1054 3604 lacta
1078 3559 1140 3603 sua.

138 3646 171 3709 ln
195 3645 344 3727 reliquum
367 3662 441 3707 vero
465 3643 600 3705 serviunt
615 3643 681 3705 Deo
698 3650 797 3706 mente
813 3662 896 3725 pura,
920 3650 951 3707 et
969 3662 1141 3708 successum
1158 3644 1269 3707 habent

139 3752 170 3814 in
201 3751 331 3833 negotiis
362 3748 424 3810 suis
456 3748 607 3827 omnibus,
638 3748 820 3829 accipientes
843 3766 861 3809 a
883 3748 1028 3827 Domino,
1062 3766 1267 3828 quaecumque
1385 3829 1387 3838 Ι

139 3861 276 3936 poscunt.
320 3852 356 3915 Et
379 3860 449 3917 tunc
471 3854 581 3935 gratias
604 3857 694 3933 agunt
710 3851 849 3930 Domino,
872 3852 952 3932 quod
976 3853 1035 3914 sint
1057 3852 1125 3914 milri
1148 3851 1264 3929 traditi;

140 3979 197 4023 nec
217 3961 279 4042 jam
302 3957 461 4039 quidquam
483 3956 662 4020 crudelitatis
686 3954 864 4037 patiuntur.“

227 4063 275 4125 lli.
309 4062 384 4125 Dico
400 4062 458 4123 illi:
476 4062 674 4140 ,etiamnunc
691 4061 820 4139 domine,
837 4059 1007 4123 demonstra
1023 4059 1122 4123 mihi.“
1159 4061 1267 4142 ,Ouid,

141 4167 320 4248 inquiris‘t“
351 4168 453 4247 inquit.
500 4165 567 4228 Dixi
591 4166 636 4228 ei:
671 4184 734 4244 ,an
765 4183 821 4246 per
848 4162 925 4225 idem
949 4169 1063 4243 tempus
1086 4168 1268 4247 crucientur,

140 4272 192 4352 qui
216 4269 371 4333 discedunt
393 4289 409 4330 a
433 4271 540 4332 timore
556 4270 623 4349 Dei,
646 4277 786 4351 quantum
809 4271 855 4331 usi
879 4267 990 4330 luerint
1012 4268 1086 4331 lalsa
1109 4270 1268 4335 dulcedine

141 4393 177 4437 ac
192 4375 437 4457 voluptatibus?“
474 4374 524 4437 Ait
540 4375 625 4437 milri:
650 4394 723 4457 ,per
739 4374 817 4436 idem
833 4379 947 4453 tempus
966 4373 1053 4435 etiam
1066 4377 1265 4439 cruciantur.“

140 4478 177 4540 Et
207 4478 268 4539 dixi
298 4479 340 4541 ei:
374 4479 543 4561 ,exiguum
565 4480 656 4563 igitur
679 4480 864 4553 cruciantur3
898 4479 1057 4559 oportebat
1079 4488 1176 4543 autem
1202 4497 1266 4559 eos,

142 4583 192 4663 qui
217 4583 261 4644 sic
284 4584 450 4664 percipiunt
472 4584 649 4665 voluptates,
674 4591 705 4646 ut
726 4584 883 4646 Dominum
909 4583 1130 4660 obliviscantur,
1154 4584 1266 4663 septies

143 4693 254 4750 tantum
271 4688 331 4767 pati
348 4687 539 4768 poenamm.“
578 4688 628 4750 Ait
643 4688 727 4750 milri:
753 4689 871 4768 ,fatuus
889 4708 932 4767 es,
952 4707 1010 4752 nec
1024 4688 1163 4769 intelligis
1179 4687 1267 4769 hujus

143 4808 261 4872 poenae
284 4776 452 4854 virtutem.“
497 4791 535 4854 Et
559 4790 635 4854 dixi:
661 4793 705 4870 ,si
722 4795 799 4855 enim
821 4794 1028 4880 intelligerem,
1051 4788 1180 4869 domine,
1205 4806 1266 4851 non

142 4896 373 4982 interrogarem,
395 4900 428 4957 ut
450 4894 670 4963 demonstrares
694 4897 794 4962 mihi.“
