3067 6450
184 1179 283 1236 xcvur
322 1114 336 1139 .
554 1174 556 1184 ’
625 1175 878 1232 enonnaouuua
1175 1176 1304 1247 [umor

186 1341 260 1405 bere
284 1340 402 1403 ridetur
430 1339 469 1402 ita
491 1337 643 1402 scribens:
677 1337 761 1401 Bene
790 1357 864 1419 erqo
894 1339 1115 1418 pronuntiavit
1136 1338 1305 1419 Scriptura,

186 1465 266 1527 quoe
282 1445 377 1507 dicit:
404 1445 522 1524 „primo
540 1444 675 1506 omnium
691 1443 792 1519 erede,
817 1446 965 1523 quoniam
980 1465 1061 1508 unas
1076 1454 1124 1508 est
1133 1446 1242 1508 Daue
1260 1452 1307 1508 ete

187 1570 226 1614 ex
256 1548 352 1612 Marad.
376 1549 395 1612 l.
441 1548 505 1611 Nisi
537 1540 614 1610 enim
646 1548 806 1626 transeas,
840 1548 939 1628 aiunt,
971 1556 1085 1632 patrem
1118 1547 1307 1631 apostolieum

186 1654 318 1717 Pastoris
348 1661 501 1717 auctorem
531 1657 680 1733 putasset,
711 1653 819 1715 librum
850 1654 933 1718 titulo
956 1654 1141 1734 Scripturas
1173 1672 1237 1718 non
1268 1656 1309 1716 in-

187 1759 347 1841 signiisset.
393 1758 572 1821 Clementem
597 1775 718 1838 quoque
738 1756 971 1821 Alexandrinum
995 1755 1125 1842 (strom.
1147 1758 1199 1820 lib.
1221 1758 1244 1837 l,
1269 1755 1308 1821 tt.

187 1861 239 1928 29.
263 1863 312 1925 lib.
335 1860 369 1942 ll,
395 1860 420 1925 1.
446 1863 494 1925 lib.
519 1861 566 1941 Vl,
595 1858 654 1945 15)
678 1862 716 1924 ita
739 1862 847 1925 librum
868 1863 998 1927 Pastoris
1020 1864 1161 1926 laudasse
1185 1869 1310 1939 monent,

184 1958 220 2031 ut
242 1987 310 2031 eum
334 1968 499 2050 apostolico
522 1967 649 2029 Hermae
680 1967 819 2030 tribuisse
851 1967 995 2031 videatur.
1039 1968 1108 2032 Non
1139 1975 1205 2045 est,
1240 1966 1310 2048 quod

187 2072 216 2136 id
240 2091 403 2157 negemus;
435 2071 488 2134 sed
513 2069 632 2149 utrique
657 2069 733 2132 Patri
755 2089 859 2133 verum
883 2072 949 2134 libri
976 2074 1154 2155 scriptorem
1184 2074 1311 2156 ignotum

104 2189 109 2199 ‘
188 2178 282 2241 luisse
305 2176 520 2241 contendimus.
565 2176 607 2237 Pii
631 2176 708 2237 anim
731 2174 824 2238 irater
853 2194 914 2240 non
943 2184 1064 2260 aperte,
1094 2183 1128 2240 ut
1158 2177 1312 2254 credimus,

187 2300 222 2346 se
245 2290 398 2346 auctorem
421 2281 488 2342 libri
511 2279 668 2362 professus
691 2285 745 2342 est.
1064 2293 1066 2295 ·

277 2385 314 2472 d)
339 2386 397 2450 Sed
414 2386 517 2449 Frater
532 2386 573 2447 Pii
595 2405 654 2448 non
671 2385 816 2463 Hermos,
840 2384 894 2447 sed
915 2386 1043 2450 Hermes
1066 2389 1243 2451 vocabatur.
1285 2385 1311 2448 ln

188 2494 276 2575 hujus
293 2491 491 2554 testimonium
507 2491 613 2553 librum
629 2490 829 2554 Pontificalem
846 2490 873 2576 ¹)
890 2500 920 2555 et
939 2494 1069 2575 spuriam
1084 2492 1236 2575 quandam
1252 2494 1312 2574 epi·

192 2598 297 2661 stolam
321 2596 393 2658 Piil
416 2596 574 2673 adducunt,
598 2596 647 2659 ubi
672 2595 764 2658 irater
780 2596 902 2659 Romani
925 2597 1002 2660 illius
1025 2598 1173 2679 pontilicis
1190 2599 1312 2661 Hermes

190 2702 363 2783 appellatur.
410 2701 569 2783 catalogus
599 2719 673 2764 vero
705 2701 779 2780 iste,
811 2720 868 2764 nee
898 2720 959 2765 non
989 2702 1114 2784 epistola
1147 2703 1197 2765 illa
1221 2703 1313 2785 spuria

190 2807 281 2889 longe
305 2807 426 2869 minoris
449 2813 519 2868 sunt
540 2806 699 2889 ponderis,
730 2824 818 2886 quam
841 2806 1051 2888 Fragmentum
1074 2806 1313 2884 bluratorianum,

191 2911 272 2991 quod
296 2910 415 2973 fratrem
438 2911 480 2972 Pii
502 2911 647 2974 Hermam
672 2913 802 2974 nominat
818 2908 861 2994 ²).

280 3014 317 3101 e)
340 3018 476 3098 Denique
492 3017 599 3079 librum
615 3018 694 3080 illum
707 3018 847 3096 Pastoris,
863 3035 950 3097 quem
967 3015 1059 3078 irater
1071 3015 1112 3079 Pii
1129 3016 1313 3098 conseripsit,
1350 3064 1355 3078 .

193 3120 231 3184 de
255 3121 395 3203 paschate
419 3121 467 3184 die
490 3121 636 3185 dominica
659 3122 850 3202 celebrando,
875 3123 965 3186 verba
986 3122 1094 3185 iecisse
1118 3122 1313 3196 contendunt;

190 3229 220 3292 in
245 3236 349 3292 nostro
372 3235 470 3293 autem
493 3229 622 3293 Pastoris
654 3228 730 3291 libro
762 3228 850 3310 bujus
881 3229 927 3290 rei
956 3229 1138 3291 mentionem
1169 3246 1233 3291 non
1256 3226 1314 3291 beri

190 3341 320 3397 monent.
367 3334 426 3399 Sed
448 3352 509 3397 non
532 3334 590 3396 nisi
612 3335 712 3414 spuria
735 3334 783 3396 illa
806 3335 847 3397 Pii
871 3336 1013 3416 epistola,
1040 3335 1224 3417 spuriusque
1246 3335 1315 3397 liber

191 3439 310 3502 Damasi
333 3439 518 3522 pontificalis,
542 3440 571 3501 in
594 3439 717 3501 Pastore
740 3439 809 3502 talia
832 3439 892 3522 legi
915 3438 1097 3501 contendunt
1113 3436 1163 3522 ³),
1192 3455 1313 3522 prorsus

192 3541 229 3604 de
252 3563 288 3607 ea
311 3564 345 3606 re
368 3544 522 3606 silentibus
545 3545 671 3625 antiquis
694 3544 846 3621 Patribus;
878 3562 938 3625 quo
969 3543 1017 3622 fit,
1046 3550 1079 3606 ut
1100 3545 1315 3626 posterioribus

143 3652 144 3655 ’
190 3649 374 3730 temporibus
397 3633 562 3711 mandatum
587 3648 626 3710 de
648 3649 791 3713 Pasebate
815 3649 863 3710 die
886 3648 1032 3710 dominica
1061 3647 1261 3728 celebrando,
1283 3647 1314 3709 ab

131 3810 133 3814 ,
190 3752 404 3833 interpolatore
428 3752 555 3832 quodam
579 3751 708 3815 additum
732 3753 824 3816 luisse
847 3760 983 3836 putemus
1001 3750 1042 3835 ⁴).

279 3856 312 3917 ll.
344 3856 471 3918 Hermae
487 3855 591 3918 Pastor
614 3857 643 3918 in
667 3863 728 3920 tres
750 3858 844 3921 libros
867 3857 956 3920 bodie
976 3852 1087 3920 divisus
1109 3863 1165 3935 est,
1189 3874 1312 3937 quorum

91 3969 96 3978 ·
190 3960 304 4042 primus
337 3959 374 4020 lV
410 3961 541 4024 visiones
576 3962 725 4042 continet,
758 3963 909 4027 secundus
941 3961 995 4024 Xll
1024 3959 1179 4040 mandata,
1218 3960 1315 4023 tertiam

228 4150 254 4213 1)
275 4148 326 4202 co.
345 4165 421 4217 supra
441 4166 466 4218 p.
486 4148 557 4202 XCV.
806 4152 835 4218 d)
845 4150 895 4203 ca.
906 4166 971 4219 quas
981 4150 1128 4202 detractore
1139 4149 1199 4201 libri
1211 4148 1317 4202 Pastoris

227 4238 255 4303 2)
275 4235 327 4290 ca.
346 4253 448 4306 quoque
472 4235 742 4297 Pseudotertullisnum
771 4239 951 4306 disputavimus
969 4238 993 4288 in
1011 4240 1121 4305 ilidiap.
1136 4239 1214 4291 tissi.
1229 4243 1316 4305 Quar-

189 4342 269 4395 supra
287 4341 311 4393 p.
330 4324 416 4378 stetu.
770 4328 919 4393 totsebritt,
946 4321 1021 4375 1839.
1045 4339 1071 4390 p.
1092 4321 1141 4374 169
1160 4339 1217 4392 sqq.
1252 4322 1317 4375 lier-

227 4414 256 4476 at
284 4416 340 4466 Sal
366 4415 450 4482 taujats
476 4417 631 4485 episcopatu
656 4418 744 4483 stater
771 4427 827 4462 mae
846 4410 978 4478 apostolici
1002 4427 1056 4462 sem
1075 4418 1154 4482 spuet
1173 4412 1318 4477 praesertin

191 4504 282 4571 ipsias
300 4502 412 4553 diamasa
435 4503 534 4554 tibrum
557 4503 685 4570 scripsit,
714 4503 743 4552 iss
770 4501 923 4560 Nannieno,
954 4500 1130 4565 Gattaadius,
1158 4500 1318 4569 emporus,

191 4605 242 4657 qao
262 4589 412 4641 mundatum
438 4590 598 4652 continetur,
626 4588 694 4656 quod
718 4589 744 4640 ei
771 4586 913 4639 diibtmss
937 4583 1043 4651 (Patrol.
1063 4582 1081 4635 l.
1100 4600 1126 4651 p.
1147 4583 1180 4635 97
1198 4585 1270 4653 sqq.)
1297 4591 1320 4635 st

181 4676 325 4744 >paecepit
343 4676 589 4742 aspernationes,
610 4675 656 4741 qui
672 4675 743 4727 sarsit
770 4675 968 4738 Jasbsnmrssus,
989 4670 1034 4723 der
1052 4670 1123 4722 llirte
1143 4671 1188 4723 das
1206 4669 1319 4723 Hermas

192 4762 227 4813 sd
256 4777 316 4814 eass
350 4764 380 4813 irs
414 4763 506 4815 beditas
538 4762 678 4822 Pastoris,
714 4769 743 4813 ut
770 4755 930 4827 llbnigsberg
944 4756 1020 4809 1835.
1044 4761 1182 4812 semlerus
1191 4756 1320 4811 Pastorem

290 4864 317 4900 as
335 4848 442 4899 Passis
461 4848 503 4900 dis
521 4849 653 4901 doanissiea
670 4848 741 4900 esle-
770 4846 879 4898 Hermae
897 4846 921 4897 in
934 4844 1053 4914 Aegypto
1066 4846 1237 4914 conscriptum
1254 4860 1319 4910 essa,

282 4951 324 4988 ur.
355 4931 432 4984 Liber
448 4931 538 5000 pontii.
557 4934 581 4984 in
599 4935 651 4985 vita
670 4930 708 4986 Pii
723 4931 741 4984 l.
770 4931 836 4984 male
854 4933 959 5000 putavit.
998 4931 1049 4985 Cir.
1063 4931 1164 4999 llisll,
1180 4931 1204 4985 3.
1224 4929 1318 5001 ρ.323

279 5033 306 5090 p.
324 5020 367 5073 29.
387 5019 429 5072 ed.
448 5018 521 5073 Rom.
543 5020 619 5074 1721.
770 5027 825 5074 aot.
844 5019 869 5072 2.
