3067 6450
383 1194 409 1248 6.
427 1189 611 1249 retrusas!
629 1190 789 1248 Estsroua
809 1192 854 1246 AD
872 1190 1110 1250 emussitata.
1127 1194 1169 1250 n
1274 1199 1338 1264 269

208 1441 259 1505 xt.
307 1442 520 1508 Contristetur
543 1463 608 1508 rum
629 1463 690 1524 pro
719 1444 861 1519 Volente;
889 1454 993 1509 cavete
1017 1445 1105 1509 robis
1128 1446 1167 1510 od
1190 1447 1337 1509 avaritia.

298 1564 390 1627 Nimis
413 1568 605 1630 contristatus
629 1586 693 1630 sum
717 1586 772 1650 pro
796 1569 938 1647 Valente,
972 1569 1022 1650 qui
1053 1570 1214 1653 presbyter
1242 1568 1338 1632 iactus

209 1676 258 1732 est
280 1670 437 1751 aliquando
461 1671 539 1754 apud
564 1691 636 1749 ros;
669 1671 748 1754 quod
773 1673 816 1734 sic
840 1673 958 1755 ignoret
983 1673 1009 1734 is
1032 1673 1148 1751 locum,
1178 1674 1228 1754 qui
1252 1673 1337 1736 datus

195 1783 257 1859 'est
281 1776 316 1838 ei.
362 1776 471 1841 Moneo
496 1778 595 1859 itaque
619 1795 690 1855 vos,
714 1784 747 1840 ut
770 1779 941 1842 abstineatis
965 1779 1001 1840 ab
1027 1776 1195 1856 ¹avaritia,
1220 1786 1249 1841 et
1272 1779 1337 1841 sitis

208 1882 283 1944 casti
307 1888 336 1944 et
359 1901 493 1946 veraces.
540 1883 695 1947 distinete
722 1901 779 1947 vos
809 1883 846 1946 ab
870 1883 949 1946 omni
975 1883 1061 1947 malo.
1108 1883 1164 1958 Qui
1188 1890 1284 1946 autem
1307 1884 1353 1947 in'

207 1985 255 2047 his
279 2004 339 2049 non
363 1995 464 2069 potest
487 2005 522 2049 se
550 1988 737 2071 gubernare,
769 1987 920 2068 quomodo
945 1985 1021 2050 ²alii
1054 1988 1112 2051 hoc
1140 1988 1336 2069 pronuntiat?

207 2092 240 2155 Si
263 2092 329 2172 quis
352 2110 412 2155 non
437 2093 613 2155 abstinuerit
634 2111 669 2157 se
693 2093 728 2156 ab
752 2094 884 2172 avaritia,
907 2094 942 2156 ab
965 2092 1130 2156 idololatria
1155 2093 1336 2174 coinquina-

207 2195 295 2273 bitur,
318 2203 347 2259 et
369 2202 515 2279 tamquam
532 2198 610 2261 iuter
625 2205 733 2281 gentes
745 2197 934 2280 judicabitur.
973 2194 1055 2272 ³Qui
1076 2202 1174 2260 autem
1197 2198 1337 2280 ignorant

203 2300 347 2385 judicium
371 2303 512 2366 Domini?
558 2299 632 2365 ⁴Ao
654 2305 825 2380 nesdmua,
857 2304 933 2384 quia
954 2302 1059 2371 suncti
1080 2302 1224 2365 mundum
1240 2303 1335 2382 jndi-

209 2406 349 2468 codunt?
381 2404 484 2472 ⁵sicut
506 2409 613 2473 Paulus
636 2407 733 2473 docet.
780 2404 874 2491 6Εςο
898 2415 994 2472 autern
1022 2407 1093 2471 nihil
1120 2409 1177 2471 tale
1200 2409 1282 2471 sensi
1304 2410 1335 2472 in

206 2512 311 2590 notris,
335 2513 384 2576 vet
407 2514 522 2592 audivi,
553 2515 581 2576 in
606 2515 712 2595 quibus
735 2514 882 2578 laboravit
904 2514 1008 2577 beatus
1031 2514 1156 2592 Paulus,
1189 2514 1239 2595 qui
1262 2515 1339 2601 estis¹

207 2611 375 2702 [⁷laudati]
399 2620 427 2681 in
451 2619 597 2702 principio
621 2619 765 2701 epistotae
789 2621 863 2702 ejus.
901 2619 945 2681 Do
961 2620 1047 2683 vobis
1064 2620 1172 2682 etenim
1188 2619 1334 2703 gloriatur

207 2723 236 2784 in
261 2725 397 2787 omnibus
422 2725 569 2804 ecclesiis,
593 2743 669 2806 quae
691 2725 785 2787 Deum
808 2724 891 2788 solae
911 2730 981 2787 tunc
1005 2731 1210 2808 cognoverant
1217 2746 1226 2802 ;
1249 2718 1332 2788 ⁸nos

206 2836 305 2892 autem
328 2829 458 2892 nondum
482 2847 669 2892 noveramus.
714 2829 807 2893 Valde
827 2849 913 2912 ergo,
937 2829 1055 2909 iratres,
1079 2831 1257 2893 constrictor
1277 2848 1333 2911 pru

207 2935 258 2998 ilio
289 2940 319 2996 et
348 2954 403 3017 pro
436 2936 567 3018 conjuga
601 2936 685 3017 ejus;
720 2935 827 3016 quibus
861 2935 911 2997 dat
944 2935 1087 2999 Dominus
1119 2935 1332 3016 poenitentiam

206 3024 317 3103 reram.
373 3039 471 3102 Sobrii
504 3058 579 3122 ergo
614 3046 711 3103 estote
744 3047 774 3102 et
807 3059 862 3105 vos
897 3042 927 3103 in
955 3040 1033 3117 Jioe;
1071 3037 1130 3102 'ot
1158 3059 1222 3102 non
1250 3039 1334 3102 siout

205 3147 350 3207 inimicos
366 3146 446 3207 tutes
462 3146 658 3221 existimatis,
682 3143 736 3207 sed
752 3145 829 3207 sicut
843 3145 992 3228 passibilia
1009 3145 1139 3206 membra
1156 3151 1185 3207 et
1201 3143 1330 3206 errantia

206 3270 260 3315 eos
291 3257 448 3329 revocate,
480 3258 512 3313 ut
544 3251 674 3314 omnium
698 3257 830 3315 uestrum
853 3269 963 3334 corpus
989 3251 1118 3314 salvetis.
1164 3250 1228 3313 idoo
1252 3250 1330 3312 enim

205 3364 342 3441 agentes,
369 3352 393 3394 ¹⁰
408 3374 462 3421 vos
486 3358 569 3438 ipsos
592 3357 763 3422 aedificatis.

240 3566 268 3631 1)
286 3564 422 3631 Presbyter
432 3565 479 3616 iata
487 3565 606 3632 pecunias
615 3580 756 3632 pauperum
783 3582 858 3634 quam
877 3581 969 3619 nomeu
988 3564 1118 3633 scriptoris
1136 3561 1168 3615 ab
1187 3563 1242 3629 ipso
1260 3559 1331 3612 citati

204 3654 329 3703 auertisaa
344 3652 453 3715 videtur,
472 3650 543 3717 cujus
560 3651 678 3703 iocinoris
694 3665 757 3701 uror
783 3652 904 3720 proferat.

203 3739 259 3803 ejus
270 3740 396 3807 particeps
405 3739 494 3791 iuerat.
508 3742 598 3789 Woon.
611 3736 755 3789 Jacobaouo
818 3740 848 3807 6)
867 3738 962 3791 Similia
975 3739 1041 3807 apud
1054 3737 1106 3807 ign.
1121 3737 1152 3791 ad
1167 3736 1249 3805 Magn.
1262 3751 1284 3787 c.
1297 3735 1327 3787 11

203 3835 286 3876 autem
315 3834 341 3877 et
366 3826 421 3878 aliis
448 3821 464 3875 o‘
489 3826 630 3888 πλεονέκτης
657 3833 696 3877 est
721 3845 753 3873 =
782 3834 809 3877 et
826 3825 858 3877 ad
877 3824 951 3878 Trati.
971 3843 993 3877 o.
1013 3828 1037 3878 8.

202 3917 320 3976 edaciter,
357 3914 415 3982 quia
445 3929 490 3964 sua
521 3926 600 3963 uxore
630 3926 681 3963 unu
715 3918 755 3962 est
817 3913 845 3976 ’1)
864 3912 936 3965 Hane
954 3929 1045 3966 rocam
1069 3912 1212 3964 addendam
1240 3910 1331 3963 suadet

202 4008 352 4063 contentum
371 4008 399 4050 ut
411 3999 488 4050 docet
500 3996 752 4053 SuirsrasseClam.
781 4001 908 4055 Smithiua.
939 3998 1004 4052 daus
1023 4015 1054 4052 aa
1075 4002 1202 4066 reperitur
1221 3997 1328 4066 Philipp.
1421 4069 1428 4076 ι

202 4085 275 4137 Ater.
293 4086 383 4138 Strom.
401 4085 443 4137 111.
462 4102 486 4154 p.
500 4085 565 4148 5523
586 4088 701 4138 auaritia
719 4106 751 4134 =
783 4091 806 4151 t,
826 4089 841 4138 5
860 4104 897 4156 sq.
928 4090 1002 4142 Natta
1021 4086 1036 4138 Ι.
1049 4103 1072 4137 c.
1093 4102 1118 4152 p.
1133 4085 1183 4137 236
1202 4085 1261 4137 nihii
1280 4084 1329 4135 ad·

201 4174 327 4231 minoratio
340 4194 374 4223 =
393 4175 561 4238 aduttsrr'uor,
581 4171 653 4237 cujus
666 4170 752 4239 flagitii
780 4175 830 4237 dit3
849 4177 988 4243 respiciens
1005 4173 1037 4223 ad
1057 4172 1078 4224 il
1092 4171 1149 4225 Cor,
1162 4173 1188 4235 ³,
1202 4172 1227 4223 2.
1242 4172 1267 4232 3,
1286 4172 1329 4223 ubi

202 4268 228 4310 et
247 4258 381 4326 presbyter
395 4258 486 4312 Valens
505 4267 532 4312 et
550 4258 606 4324 ejus
625 4272 688 4310 uxor
706 4275 752 4310 ac·
780 4260 871 4313 Paulus
884 4261 915 4312 ad
926 4258 1070 4311 Corinthios
1083 4258 1185 4311 scribit:
1205 4258 1339 4326 „epistota

202 4349 285 4399 ausari
305 4346 429 4397 videntur.
779 4356 864 4399 nostra
877 4362 925 4399 ros
937 4348 1014 4399 estis“
1029 4368 1062 4396 =
1074 4362 1120 4399 ros
1134 4346 1180 4414 ipsi
1194 4345 1253 4396 mitri
1268 4345 1328 4396 eatis

237 4434 266 4491 2)
285 4432 311 4484 L.
330 4436 402 4487 ratiis.
431 4436 565 4485 osirim.
779 4433 835 4486 ineo
854 4433 977 4501 epistolae
996 4433 1230 4485 commendaticiae.

237 4519 267 4583 ³)
287 4523 340 4587 Qui
351 4549 383 4558 —-
396 4537 574 4585 sosarmus,-
592 4519 657 4572 haee
669 4520 751 4571 inter·
812 4519 842 4585 6)
855 4519 904 4572 Par
915 4539 966 4575 aas
978 4520 1144 4586 Polycarpum
1156 4519 1237 4584 ipsum
1249 4515 1327 4567 intet-

201 4605 288 4674 potata
311 4614 381 4673 putat
400 4605 442 4657 Dr.
463 4610 581 4671 nitardi,
607 4606 653 4659 cir.
673 4611 750 4662 Deir·
778 4605 835 4674 tigit
848 4606 978 4670 Ursarius3
999 4608 1092 4659 rectius
1108 4605 1211 4656 turritas
1229 4606 1327 4672 Satyr-

199 4696 310 4762 simper,
330 4692 345 4744 Ι.
364 4710 387 4745 e.
407 4709 432 4761 p.
451 4692 502 4745 403
521 4707 576 4763 sqq.
776 4710 874 4748 samaa
902 4693 1063 4757 Coteterius‚
1090 4690 1192 4755 snut„
1210 4686 1325 4748 riiactiat.

236 4777 267 4844 1)
285 4777 295 4829 1
314 4778 373 4831 Cor.
393 4780 418 4844 6,
438 4780 464 4832 2.
777 4778 828 4831 cn.
847 4780 902 4832 det
919 4780 960 4846 16,
978 4781 1003 4833 6.
1023 4780 1055 4832 12
1073 4794 1129 4830 cusu
1150 4776 1192 4842 19,
1211 4774 1252 4827 10.
1277 4778 1325 4827 Ja-

237 4866 266 4926 5)
284 4865 386 4918 Verba:
423 4871 494 4921 sicut
527 4870 631 4924 Paratus
666 4869 748 4935 duest,
778 4884 885 4921 enasor.

201 4950 331 5004 Crednero
355 4952 432 5018 (Eiul.
454 4954 471 5004 i.
493 4953 518 5007 d.
540 4952 571 5005 11.
590 4952 618 5004 Τ.
641 4970 666 5022 p.
686 4955 749 5023 115)
812 4952 987 5021 9)11Thass.
1008 4950 1095 5019 3,15.

201 5047 320 5109 suspecta
339 5047 416 5108 suut,
435 5040 493 5109 quia
511 5039 668 5109 Polycarpum
685 5056 749 5095 uus·
796 5040 841 5109 10)
861 5040 912 5094 Cir.
931 5040 943 5093 1
961 5037 1020 5092 Cor.
1041 5037 1084 5105 12,
1102 5037 1145 5092 26.
