3067 6450
342 1184 361 1238 1.
380 1182 563 1240 Cbfflli'i'id
581 1184 628 1239 sb
647 1183 721 1239 COb.
741 1185 872 1243 xxxam.
890 1187 995 1243 mlx.
1014 1189 1065 1243 Χῖ..
1208 1191 1271 1259 107

141 1347 232 1426 sciat,
264 1347 353 1409 aliurn
384 1363 471 1427 esse,
503 1347 554 1429 qui
576 1346 777 1410 continentiae
801 1347 911 1413 donurn
942 1352 997 1432 ipsi
1024 1352 1141 1414 tribuat.
1188 1353 1273 1415 Con-

142 1451 311 1515 sideremus
342 1469 437 1534 ergo,
469 1452 594 1530 iratres,
625 1470 664 1514 cx
695 1471 752 1533 qua
783 1456 904 1517 materia
937 1455 1004 1518 iacti
1026 1458 1137 1536 simus,
1169 1459 1275 1538 quiet
1378 1504 1380 1509 -

143 1556 247 1638 quales
263 1555 404 1618 mundum
419 1556 551 1638 ingressi
566 1558 668 1636 simus,
689 1555 845 1637 ¹tanquam
863 1577 901 1621 cx
918 1548 1077 1642 sepulchro
1090 1568 1118 1622 ct
1133 1563 1272 1624 tenebris.

143 1664 200 1738 Qut
231 1680 290 1726 nos
325 1660 397 1724 iecit
427 1669 457 1725 et
487 1662 636 1742 condidit,
669 1665 853 1747 praeparatis
887 1665 969 1745 prius
1002 1665 1167 1728 benefactis
1200 1669 1273 1745 suis,

142 1776 302 1850 antequam
325 1785 537 1848 nasceremur,
568 1771 597 1831 in
621 1767 761 1831 mondum
785 1787 871 1830 suurn
894 1787 950 1832 nos
974 1769 1146 1833 introduxit.
1192 1771 1274 1835 Haeo

142 1874 233 1958 igitur
265 1875 363 1938 omnia
394 1892 460 1937 cunr
490 1875 526 1936 ab
560 1893 598 1937 eo
630 1874 806 1951 babeamus,
839 1874 868 1936 in
892 1876 1028 1937 omnibus
1052 1871 1193 1957 ²grotias
1218 1877 1273 1958 ipsi

142 1998 238 2064 agere
262 1978 416 2058 debemus,
438 1979 488 2042 cui
510 1985 557 2041 est
577 1978 676 2063 gloria
699 1980 729 2040 in
752 1979 854 2042 secuta
878 1979 1058 2042 seculorum.
1104 1979 1209 2043 Amen.

389 2170 520 2235 xxxix.
567 2170 803 2250 Narratque
828 2171 1024 2234 extollamur.

230 2294 317 2361 Stutti
340 2295 427 2358 unice
451 2303 480 2357 et
503 2297 689 2378 insipientes,
712 2300 742 2357 et
765 2294 835 2356 intui
860 2301 889 2355 et
909 2294 1036 2376 imperiti
1058 2294 1195 2356 derident
1216 2311 1272 2357 nos

141 2422 177 2465 ao
206 2401 406 2476 subsannant,
442 2400 509 2463 dum
540 2400 772 2483 cogitationibus
803 2399 866 2461 suis
898 2418 932 2461 se
963 2400 1110 2462 extottere
1141 2401 1271 2482 cupiunt

142 2507 219 2581 Ouid
238 2502 316 2567 cuim
332 2512 431 2587 potest
446 2504 590 2581 mortalis,
613 2511 663 2566 aut
678 2504 766 2586 quate
783 2504 875 2566 robur
892 2503 1089 2586 terrigenae?
1125 2505 1272 2586 Scriptum

141 2613 220 2673 enim
245 2617 307 2672 est:
338 2607 431 2671 ³nan
454 2618 522 2672 erat
543 2611 647 2689 figura
671 2617 743 2671 ante
767 2610 877 2671 ocutos
900 2630 1000 2687 meas,
1030 2610 1086 2672 sed
1109 2629 1220 2672 auram
1243 2616 1274 2672 et

142 2736 251 2779 rocem
272 2715 438 2778 audiebam
462 2716 631 2776 dicentem:
654 2715 731 2795 quid
754 2715 862 2775 enim?
884 2716 1034 2795 numquid
1052 2716 1143 2778 banio
1165 2734 1272 2776 coram

141 2822 280 2884 Domino
303 2821 436 2883 mnam
457 2820 534 2896 erit,
565 2820 615 2882 aet
644 2821 683 2881 de
713 2819 861 2900 operibus
892 2820 960 2883 sais
984 2820 1186 2899 inculpabilis
1210 2820 1270 2896 air,

141 2928 170 2988 si
191 2927 296 2990 seroie
317 2927 384 2988 aab
406 2945 470 2988 mom
493 2926 632 3005 confidit,
656 2934 685 2988 et
708 2928 742 2987 ia
764 2925 887 3006 uirgatis
909 2928 977 2988 sois
996 2946 1098 3006 prava
1122 2923 1270 2986 anirnad·

141 3032 261 3094 vertit?
298 3026 453 3094 ⁴Coetatm
475 3050 598 3112 qaoque
620 3050 684 3093 aaa
708 3038 754 3093 est
776 3031 924 3092 mandam
946 3040 1017 3093 ante
1039 3050 1125 3102 eum,·
1150 3028 1269 3091 ⁵maito

141 3138 246 3198 minas
268 3134 444 3199 habitantes
468 3137 576 3200 domos
600 3138 718 3212 lateas,
755 3155 796 3197 ca
828 3134 941 3215 quibas
965 3137 1080 3214 stipsi
1104 3136 1142 3195 de
1166 3135 1273 3195 eodem

143 3243 209 3305 iota
231 3260 348 3304 mmor.
386 3242 561 3305 Decorauit
584 3243 655 3303 ittae
680 3250 828 3321 tanquam
852 3242 949 3316 tinea,
973 3247 1003 3301 ct
1025 3259 1045 3302 a
1064 3258 1154 3300 triane
1175 3255 1272 3318 usqae

143 3348 185 3409 ad
213 3363 377 3424 vesperam
405 3347 492 3409 altro
521 3366 584 3409 nom
612 3356 707 3418 sant,·
742 3365 798 3421 ea,
835 3344 921 3424 quad
951 3363 1014 3406 aaa
1044 3352 1177 3422 possunt
1209 3340 1273 3403 sibi

143 3452 225 3531 ipsis
245 3451 424 3528 subuenire,
445 3453 619 3530 perierant.
657 3449 838 3527 insufflavit
853 3450 910 3524 eis,
933 3456 962 3508 et
978 3448 1172 3520 interierunt,
1197 3447 1273 3525 qaia

143 3576 206 3620 aare
230 3555 387 3619 habebant
407 3557 601 3636 sapientiam.
647 3549 796 3616 6Ιιιεοω
824 3561 943 3628 autem,
978 3553 1007 3614 si
1038 3552 1109 3632 qais
1140 3549 1197 3611 tibi
1220 3568 1272 3611 ra·

143 3661 307 3741 spondeat,
330 3662 380 3724 oet
401 3664 430 3723 si
447 3681 534 3742 quem
548 3667 729 3723 sauctorum
751 3658 931 3737 angelorum
957 3649 1139 3735 ⁷acpicias,·
1163 3654 1274 3715 etenim

142 3768 340 3847 insipientem
371 3766 499 3844 perimit
529 3767 596 3842 ira,
631 3765 756 3827 stultam
789 3770 889 3824 autem
919 3761 1036 3824 occidit
1065 3759 1158 3821 aetus.
1205 3759 1272 3838 Epo

144 3880 247 3933 autem
268 3871 335 3933 aidi
357 3871 479 3947 stultos,
501 3872 627 3933 radices
649 3869 824 3940 mittentem
854 3867 912 3928 sed
934 3867 1039 3928 statim
1064 3864 1206 3927 absumta
1228 3869 1274 3926 eat

143 3975 267 4037 illorum
288 3975 451 4038 habitatio.
497 3973 603 4055 Lampe
624 3976 704 4056 fiant
731 3975 790 4054 filii
813 3994 919 4036 eoram
945 3992 965 4035 a
987 3972 1107 4048 salute,
1141 3981 1170 4033 et
1195 3990 1272 4032 cam·

144 4086 320 4140 temnuntur
350 4087 423 4142 arcta
444 4081 568 4158 januas
598 4080 769 4155 minarum,
804 4086 834 4139 et
863 4096 927 4139 nom
958 4079 1035 4155 erit,
1069 4077 1122 4158 qai
1146 4076 1272 4154 eripiat.

146 4181 234 4256 Quae
256 4182 338 4244 emim
360 4183 425 4245 iiiia
453 4192 571 4261 parata
600 4193 699 4270 sunta
714 4185 798 4262 justi
829 4182 1005 4254 comedeat;
1037 4182 1101 4261 ipsi
1132 4198 1206 4243 aera
1235 4179 1273 4241 de

143 4285 236 4348 maiis
260 4304 324 4348 non
347 4286 570 4350 liberabantur.

211 4475 273 4539 xb.
318 4475 483 4540 servemur
506 4480 648 4541 ordinem
670 4480 704 4540 ia
727 4478 862 4541 ecclesia
885 4500 905 4542 a
926 4480 993 4543 Dea
1018 4477 1198 4540 institutam.

230 4591 334 4660 “Cum
357 4599 447 4682 igitur
469 4600 545 4662 baec
573 4600 659 4663 nobis
688 4601 747 4662 sint
777 4601 949 4678 manifesta,
981 4606 1010 4662 et
1041 4600 1069 4661 in
1094 4594 1270 4678 ⁹protunda

144 4700 262 4765 divinae
285 4704 463 4786 cognitionis
486 4722 543 4766 nos
565 4705 814 4788 introspiciamus,
840 4701 983 4769 ¹⁰cnncta
1006 4704 1111 4766 ordine
1127 4701 1270 4763 debemus

176 4855 206 4920 7)
227 4854 265 4907 lta
284 4855 330 4909 bia.
365 4856 470 4910 liocttur
489 4854 552 4924 daea.
754 4859 783 4923 9)
802 4855 853 4911 Cir.
872 4858 945 4911 Rom.
969 4857 1010 4920 tt,
1029 4856 1072 4907 33.

141 4940 296 5095 Ρθέιξιοο
318 4941 405 4996 laudat
428 4947 509 5001 Ciam.
532 4947 608 5001 stoa.
632 4944 649 4998 1.
668 4962 692 4999 c.
739 4945 784 5009 10)
804 4943 855 4996 Cir.
874 4942 957 4999 lCor.
978 4943 1020 5008 tt,
1039 4942 1082 4996 it).
