3067 6450
207 1184 273 1253 sto
412 1181 550 1240 monne
567 1179 702 1236 rnsron.
738 1180 834 1234 trono
854 1180 883 1234 n.
920 1179 1067 1240 unnosr.
1086 1182 1129 1236 n

206 1347 338 1410 virorum
352 1348 511 1430 justorum,
535 1344 704 1407 habentium
721 1344 855 1425 spiritum
873 1343 1041 1423 divinitatis,
1059 1351 1089 1408 et
1106 1346 1206 1409 oratio
1222 1344 1333 1408 illorum

206 1452 238 1515 fit
253 1451 289 1513 od
306 1451 471 1528 Dominum,
496 1451 665 1511 exinanitur
688 1449 777 1511 horno
800 1449 859 1527 itte,
884 1451 1023 1531 quonium
1051 1451 1178 1532 spiritus
1201 1451 1250 1513 itte
1274 1459 1332 1514 ter·

206 1557 310 1620 restris
334 1555 410 1639 fugit
434 1556 470 1617 ob
495 1555 563 1632 illo,
587 1561 616 1616 et
640 1554 834 1631 obmutescit,
859 1573 914 1616 neo
939 1553 1098 1635 quidquam
1122 1562 1226 1635 potest
1248 1557 1333 1637 toqui

206 1661 288 1725 Sicut
312 1661 341 1722 in
364 1660 527 1742 apotheca,
559 1661 584 1721 si
613 1657 825 1723 ¹obturoveris
848 1660 948 1722 vinum
972 1660 1019 1721 vet
1052 1659 1171 1738 oleum,
1203 1667 1233 1723 et
1264 1663 1334 1723 inter

204 1766 254 1828 itta
279 1784 349 1828 vose
374 1765 512 1846 posueris
532 1764 702 1846 amphoram
727 1784 860 1844 vacuom,
885 1762 944 1826 ²et
961 1782 1079 1826 rursum
1096 1766 1333 1828 obturomentoro

205 1869 360 1951 deponere
385 1870 528 1947 volneris,
552 1870 722 1950 amphorem
746 1870 835 1947 ittoru,
859 1889 945 1951 quarn
968 1870 1112 1951 posuisti,
1139 1889 1268 1934 vacuom
1289 1873 1334 1933 iu-

204 1977 329 2052 venies;
361 1976 404 2038 sie
433 1981 463 2035 et
485 1974 651 2056 Prophetae
682 1975 784 2052 vocnt,
816 1993 905 2055 quum
937 1976 1075 2037 venerint
1106 1977 1189 2039 inter
1218 1976 1334 2059 spiritus

201 2081 362 2163 justorum,
387 2079 491 2160 quales
514 2081 645 2157 veniunt,
669 2079 744 2141 tates
768 2081 966 2142 inveniuntur.
1012 2076 1185 2164 ³[Spiritus
1209 2083 1333 2144 omnium

140 2226 142 2231 η
205 2185 355 2248 hominurn
381 2185 531 2246 terrestris
556 2192 602 2246 est
625 2192 655 2246 et
677 2184 764 2264 levis,
788 2191 817 2246 et
840 2185 977 2247 virtutem
998 2203 1058 2247 oon
1079 2185 1172 2248 habet
1188 2187 1217 2248 iu
1237 2193 1333 2265 totum,

204 2297 234 2352 et
266 2289 353 2374 motta
384 2288 543 2370 loquitur.“
591 2288 626 2350 Et
650 2287 743 2355 dixiz.
767 2309 852 2371 „quo
883 2289 972 2352 modo
1002 2290 1093 2371 igitur
1126 2292 1210 2354 seire
1242 2297 1334 2373 potest

203 2395 309 2475 aliquis
333 2390 465 2457 ⁴e0s?“
514 2393 663 2473 „nuum
688 2396 799 2477 inquit,
826 2394 891 2475 „de
915 2395 1049 2476 utrisque
1074 2396 1176 2471 vosis;
1210 2402 1240 2457 et
1262 2397 1332 2458 siout

204 2498 271 2561 dico
303 2499 371 2576 tibi,
404 2500 448 2561 sio
479 2499 619 2580 probabis
643 2500 819 2581 Prophetotn
843 2501 917 2579 Dei,
951 2506 981 2562 et
1011 2498 1119 2563 falsum
1150 2500 1331 2581 Prophetarn

203 2602 330 2664 Prinnnn
355 2604 454 2683 itaque
477 2605 569 2685 probo
594 2603 762 2683 hominem,
794 2606 844 2685 qui
877 2604 964 2667 habet
994 2605 1129 2686 spiritum
1160 2605 1235 2681 Dei;
1270 2605 1331 2685 qnia

203 2706 334 2785 spiritnS,
360 2707 408 2786 qni
433 2706 589 2770 desursum
614 2714 668 2787 est,
692 2710 811 2790 quietos
836 2715 882 2771 est
905 2717 935 2771 et
956 2709 1083 2789 humilis,
1105 2717 1138 2773 et
1159 2710 1276 2774 recedit
1298 2710 1330 2771 ott

204 2813 282 2872 omui
305 2813 436 2892 nequitia
461 2819 489 2874 et
513 2812 664 2875 desiderio
688 2833 767 2879 veno
791 2815 878 2896 hujus
902 2815 1012 2894 secuti,
1046 2821 1076 2877 et
1108 2817 1193 2879 ornoi
1217 2816 1330 2879 homine

203 2933 237 2977 se
261 2914 329 2976 iacit
352 2915 548 2996 humiliorem,
574 2925 603 2979 et
626 2921 735 2981 nemini
760 2919 924 3002 respondet
948 2922 1164 3003 interrogatus
1189 2940 1246 2984 nec
1270 2922 1329 2982 sio-

203 3021 282 3103 guiis
306 3022 487 3102 respondet;
511 3042 610 3104 neque
634 3044 723 3106 quurn
747 3025 820 3103 vuit,
844 3025 954 3088 homini
978 3026 1110 3107 loquitur
1130 3028 1255 3108 spiritus
1272 3027 1329 3103 nei,

203 3126 258 3189 sed
282 3133 352 3188 tuno
375 3128 515 3208 loquitur,
539 3147 628 3209 quum
651 3130 713 3191 voit
735 3129 827 3192 Deus.
873 3130 968 3204 Ouum
993 3150 1068 3213 ergo
1092 3133 1214 3196 venerit
1236 3132 1328 3207 homo,

204 3234 255 3314 qui
278 3234 366 3296 habet
389 3236 522 3317 spiritum
547 3237 611 3313 Dei,
635 3237 663 3297 in
690 3237 847 3300 ecetesiam
869 3238 1028 3319 Justorunn,
1053 3236 1226 3300 habentium
1249 3237 1328 3299 fidero

203 3337 276 3416 Dei,
301 3345 330 3400 et
353 3342 450 3403 oratio
474 3340 563 3403 titud
587 3341 744 3404 Dominum
753 3364 762 3417 ;
794 3349 864 3404 tuno
888 3344 1006 3405 nuntius
1029 3349 1153 3405 sauctus
1178 3343 1329 3405 divinitatis

203 3443 303 3524 impiet
328 3445 475 3508 hominem
499 3447 578 3509 ittunr
601 3448 707 3528 spiritu
730 3454 845 3525 sancto,
870 3454 899 3509 et
923 3448 1053 3529 loquitur
1077 3450 1106 3510 in
1132 3448 1238 3526 turbe,
1260 3447 1328 3509 siout

202 3546 283 3610 Deus
315 3550 385 3612 vult.
432 3551 480 3615 Sic
512 3570 587 3635 ergo
619 3552 805 3634 dignoscitur
836 3552 957 3634 spiritus
985 3553 1147 3616 divinitatis
1173 3550 1231 3614 ⁵in
1255 3568 1326 3633 quo·

202 3672 329 3736 cumque
352 3657 473 3737 spiritns
498 3657 658 3721 divinitatis
682 3658 823 3738 loquitur.
868 3653 976 3720 ⁶nudt
1007 3676 1089 3720 nuoe
1113 3663 1146 3719 et
1170 3656 1208 3721 de
1231 3658 1326 3739 spirito

202 3761 348 3839 terrestri,
373 3780 469 3826 vocuo
493 3770 523 3824 et
545 3762 636 3841 intuo,
660 3764 797 3826 virtutem
814 3782 873 3826 non
890 3763 1027 3827 habente.
1065 3758 1218 3827 ⁷Primurn
1238 3769 1324 3827 eutem

239 3984 264 4047 1)
284 3982 302 4035 l.
318 3999 341 4036 o.
361 3986 385 4035 io
405 3984 471 4036 vasto
490 3984 614 4038 recturum
627 3990 750 4055 posueris.
778 4003 828 4040 noo
842 3988 970 4056 postulare
983 3997 1091 4054 tontum,
1107 3992 1156 4044 ted
1171 4000 1198 4045 et
1210 3991 1322 4060 flagitem

236 4071 264 4133 2)
285 4071 750 4143 i.e.siemphoramnocunmposteo
779 4104 810 4115 —
843 4075 900 4128 dtus.
931 4076 1004 4144 Aegl.
1035 4077 1177 4131 exhibent:
1213 4084 1323 4135 Prius!

200 4159 309 4225 operies,
329 4175 384 4210 eom
403 4160 485 4212 adhue
504 4176 610 4213 nocuum
628 4164 749 4230 reperies.
779 4165 902 4217 omnium.

237 4244 264 4308 3)
289 4249 409 4315 Spiritus
439 4277 472 4285 -
505 4253 554 4303 Dei
585 4253 749 4319 Prophetom.
813 4251 841 4313 4)
861 4248 901 4301 Se.
921 4248 1069 4318 Prophetes.

200 4330 271 4384 liaeo
290 4336 360 4385 uncio
378 4334 473 4386 incluso
492 4336 516 4386 iu
532 4335 600 4387 distis
620 4341 682 4402 (uno
702 4353 749 4387 ex·
812 4337 841 4401 5)
862 4334 933 4388 Bodt.
954 4344 980 4388 et
997 4336 1083 4391 tamt.
1103 4343 1183 4409 quia,
1208 4345 1319 4410 quicun-

201 4423 291 4488 cepto)
323 4430 349 4473 et
379 4424 403 4473 io
428 4422 508 4474 Editio
539 4424 603 4475 intro
633 4424 751 4493 teguntur
778 4441 827 4493 pue
844 4427 943 4493 spiritu
961 4427 1111 4481 divinitatio
1130 4430 1263 4497 loquitur,
1284 4430 1319 4480 to·

200 4506 364 4574 maudiut,
393 4526 415 4560 c.
437 4510 448 4559 1
472 4519 497 4560 et
515 4510 548 4574 2,
579 4520 637 4577 post
655 4513 749 4564 verbo:
778 4514 1119 4580 quitur,eicut1)oni⁸uo
1138 4518 1205 4569 vult.

201 4600 281 4650 morti
307 4600 387 4650 trudit
412 4614 509 4649 soreos
538 4600 594 4649 Det.
640 4596 689 4648 Hic
719 4614 748 4650 eo
812 4598 843 4659 6)
873 4596 920 4648 idio
955 4598 980 4649 iu
1016 4597 1098 4651 Editio
1134 4603 1226 4671 incipit
1254 4601 1317 4653 et

201 4697 258 4735 etse
282 4684 417 4736 inserendo
433 4683 485 4749 jorn
505 4681 610 4735 Wokios
629 4684 707 4748 vidit,
735 4702 749 4737 o
778 4684 860 4735 itaod.
880 4681 932 4735 ΧΠ.

201 4765 298 4822 Groeco
317 4769 568 4822 Pseudo-Athouosii
590 4778 667 4822 etex
687 4770 748 4823 cod.
812 4774 840 4836 7)
866 4770 955 4824 Codex
979 4769 1053 4825 Bodi.
1079 4776 1118 4827 sie
1142 4777 1236 4832 hebet:
1263 4779 1315 4833 nn·-

201 4855 286 4909 Lurnb.
313 4858 337 4908 id
362 4857 493 4928 colligens.
530 4855 707 4924 Adotiputotur
725 4860 749 4909 ei
777 4878 849 4913 mum
865 4862 935 4913 enim
952 4864 1038 4925 homo,
1057 4867 1105 4929 qui
1119 4867 1313 4936 puteturepiri·

202 4941 362 5009 (irritandus,
388 4962 508 5011 mouens,
535 4945 663 5014 utriusque
687 4961 749 4997 rouo
777 4957 833 5001 tum
850 4951 958 5015 toton,
979 4951 1081 5003 exaltat
1098 4968 1139 5005 eo.

202 5028 252 5081 ioci
271 5038 415 5083 contextum
435 5032 529 5100 (uano.
548 5031 582 5084 ttt
605 5040 631 5085 et
649 5032 706 5102 xit)
723 5033 748 5085 id
