3067 6450
135 1195 165 1250 S.
187 1192 394 1265 Pol-{cml}
578 1192 833 1250 ascensorium.
1170 1199 1268 1254 lxxxi

138 1358 314 1440 praesertim
344 1373 415 1436 eos,
448 1358 498 1439 qui
528 1357 566 1420 de
590 1358 619 1421 S.
641 1356 755 1439 ignatio
789 1364 819 1421 et
849 1359 916 1442 ejus
938 1360 1073 1439 epistolis
1096 1360 1268 1443 loquuntur,

138 1464 170 1526 in
192 1463 393 1543 suspicionem
418 1462 654 1543 interpolationis
679 1461 829 1525 adducere
859 1469 984 1526 conatus
1011 1472 1057 1527 est
1083 1485 1142 1530 non
1167 1488 1267 1547 orpu-

135 1567 260 1643 mentis,
284 1566 339 1628 sed
352 1565 536 1629 arbitrariae
552 1568 744 1647 conjecturis
759 1568 899 1629 insistens
908 1589 917 1644 ;
940 1570 987 1630 cui
1003 1570 1081 1632 bene
1099 1579 1128 1634 et
1144 1573 1268 1654 copiose

136 1670 295 1752 respondit
317 1670 368 1732 Dr.
392 1670 571 1752 Denainper
601 1673 630 1734 in
655 1672 782 1755 Tltbing.
806 1671 896 1734 theol.
921 1672 1148 1746 Quartalscbrilt
1174 1672 1266 1739 1851.

135 1795 165 1859 p.
191 1770 373 1840 399-409.

226 1882 260 1944 v.
298 1879 457 1961 Epistulam
481 1881 510 1945 S.
534 1881 687 1963 Polycarpi
711 1879 800 1963 paulo
824 1886 892 1961 post
915 1882 1087 1964 martyrium
1109 1882 1138 1946 S.
1162 1882 1266 1966 ignatii

136 1991 290 2048 exaratam
320 2003 405 2064 esse,
437 2004 477 2048 ex
506 1987 629 2067 epistola
653 1991 717 2068 ipsa
745 1987 914 2065 erudimur,
944 2006 969 2050 c.
998 1986 1046 2051 13.
1093 1987 1154 2051 cfr.
1176 2008 1267 2071 supra
1335 2046 1342 2060 ,

133 2110 165 2173 p.
189 2090 241 2153 Xb
264 2109 326 2172 sap,
350 2110 427 2172 quae
451 2091 488 2153 de
512 2098 647 2173 ternpore
670 2093 773 2155 mortis
796 2092 824 2155 S.
848 2093 952 2175 ignatii
978 2091 1201 2174 disputavimus.

226 2194 272 2257 Vl.
311 2196 391 2259 llaec
414 2196 537 2277 epistola
562 2215 663 2259 manca
688 2198 812 2260 babetur
832 2199 860 2260 iu
881 2197 1017 2260 omnibus
1036 2200 1156 2279 graecis
1177 2199 1267 2260 codi-

135 2301 224 2363 cibus
247 2302 339 2363 mslis.
385 2300 439 2364 Ubi
461 2308 559 2363 autem
583 2302 703 2365 codices
727 2302 883 2381 deliciunt,
914 2304 953 2365 ibi
977 2303 1166 2365 continenter
1189 2303 1266 2365 sub·

134 2406 265 2468 nectitur
298 2405 422 2486 epistola
454 2404 625 2484 barnabae,
661 2405 716 2469 sed
753 2409 850 2489 capite
889 2414 1033 2470 truncato.
1081 2406 1140 2469 Cir.
1175 2425 1267 2489 supra

136 2529 164 2592 p.
188 2510 265 2573 xvt.
289 2510 340 2572 Nr.
364 2509 422 2574 llll.
447 2519 526 2593 etp.
554 2509 580 2573 1.
603 2511 672 2573 Not.
697 2508 726 2573 2.

226 2615 329 2678 'lotam
349 2633 423 2678 vero
438 2615 593 2697 Polycarpi
613 2615 767 2697 epistolam
788 2624 876 2680 velus
897 2617 984 2680 nobis
1001 2618 1134 2680 servavit
1152 2619 1265 2698 versio,

136 2741 225 2804 quam
250 2723 360 2801 primus
380 2715 462 2784 1498
477 2721 605 2800 Parisiis,
628 2721 665 2783 ab
688 2721 753 2803 ipso
778 2722 938 2802 inventam,
961 2722 1111 2805 evulgavit
1133 2722 1265 2804 lacobus

135 2826 236 2889 Faber
257 2825 448 2906 stapulensis.

227 2930 343 2993 Graece
366 2936 395 2992 et
417 2931 506 2992 latine
529 2931 639 3014 primus
663 2931 819 3014 epistolam
848 2932 878 2995 iu
907 2931 1003 2995 lucem
1027 2933 1148 3015 protulit
1171 2933 1266 2996 Duaci

139 3031 224 3100 1633
241 3035 346 3097 Petrus
362 3036 536 3113 llalloixius‚
561 3054 600 3097 ex
621 3037 797 3118 apographo
820 3037 969 3100 Francisci
991 3038 1135 3116 Turriaui,
1159 3056 1175 3100 a
1200 3040 1266 3102 viro

136 3140 313 3205 doctissimo
335 3140 450 3205 Jacobo
474 3142 631 3206 sirmondo
656 3144 684 3205 S.
706 3142 732 3204 l.
757 3142 794 3205 ad
818 3143 897 3205 illurn
920 3145 1095 3206 transmisso
1114 3139 1150 3226 ¹).
1196 3142 1267 3203 Post

136 3264 235 3310 annos
269 3244 308 3311 ll
336 3246 467 3310 lacobus
497 3247 636 3310 Usserius
665 3249 743 3311 aliud
774 3256 878 3311 nactus
910 3249 1079 3329 exemplar,
1113 3246 1192 3327 quod
1226 3266 1266 3309 ex

137 3351 282 3415 Andreae
304 3351 416 3415 Sclrotti
446 3352 621 3434 apographo
651 3353 789 3416 Claudius
819 3353 979 3415 Salmasius
1008 3371 1095 3414 manu
1124 3369 1177 3412 sua
1207 3349 1267 3411 de-

138 3457 281 3536 scriptum
305 3475 371 3518 cum
394 3454 496 3519 lsaaco
520 3457 629 3520 Vossio
653 3460 933 3533 communicaverat,
961 3456 1030 3518 illud
1054 3456 1176 3517 contulit
1200 3473 1266 3516 cum

138 3560 221 3622 edito
237 3559 423 3638 Halieuma,
446 3566 535 3641 alque
557 3562 633 3624 banc
649 3562 892 3643 Polycarpiananv
909 3560 1062 3642 epistolam
1079 3578 1145 3620 cum
1163 3564 1266 3620 vetere

138 3665 305 3746 interprete
326 3664 453 3727 Londini
485 3666 636 3748 evulgavit
669 3663 751 3730 1617
761 3686 771 3741 3
804 3684 890 3745 quam
921 3664 1029 3727 deinde
1060 3682 1136 3726 nova
1169 3664 1266 3726 iuter-

138 3770 307 3851 pretatione
334 3771 507 3833 adornatam
536 3771 670 3835 exhibuit
699 3771 875 3834 cotelerius.
913 3770 1010 3832 -Anno
1041 3766 1123 3833 1709
1156 3768 1265 3850 prodiit

138 3875 272 3937 'lbomae
287 3875 400 3938 Smitbii
423 3877 515 3939 editio
538 3883 703 3957 praestans,
727 3895 853 3956 eamque
875 3881 996 3937 secutus
1019 3882 1066 3937 est
1082 3873 1263 3936 Gallandius.

138 3979 242 4041 Novas
273 3979 401 4060 denique
433 3980 580 4044 editiones
606 3979 707 4059 1838,
742 3977 825 4043 1840
849 3986 879 4041 et
904 3978 985 4043 1811
1010 3979 1166 4042 adornavit
1189 3979 1265 4041 Gui-

137 4084 255 4146 lielvnus
277 4083 483 4164 Jacobsonus‚
515 4086 667 4151 codicibus
692 4088 851 4166 Vaticano,
884 4086 1017 4149 Parisino
1047 4092 1078 4148 el
1106 4086 1265 4148 llcdiceo-

137 4188 338 4253 Laurentiano
362 4208 443 4252 usus.

229 4292 287 4356 vtl.
333 4293 379 4357 De
407 4295 563 4378 Polycarpi
595 4297 743 4360 doctrina
776 4296 1000 4376 disputaverunt
1031 4290 1264 4375 Lamperus²),

136 4397 307 4481 limacius,
330 4401 446 4464 danius
469 4419 504 4463 ao
526 4421 589 4464 oon
615 4403 699 4466 Gilae
715 4399 759 4485 3),
783 4400 941 4461 lldlrterua
956 4395 988 4478 ⁴)
1012 4405 1041 4459 et
1065 4397 1121 4459 alii.

176 4586 205 4654 1)
225 4584 276 4640 sta.
296 4604 372 4656 vapra
389 4606 414 4657 p.
433 4589 497 4645 Xl'l.
516 4589 560 4642 Νι.
582 4590 633 4642 vll.
717 4598 813 4657 patrum
849 4596 931 4655 apost.
967 4586 1054 4638 morali
1091 4604 1116 4654 p.
1145 4584 1264 4647 60-693

175 4674 204 4741 2)
223 4673 285 4727 ilict.
295 4675 372 4727 theut.
383 4679 436 4728 crit.
447 4674 474 4727 Τ.
482 4675 526 4745 tp
542 4676 619 4756 351-
630 4678 688 4728 356.
717 4695 740 4744 ρ.
761 4676 878 4736 71-81ς
897 4690 921 4741 p.
942 4673 1053 4723 75-78.

176 4759 205 4830 3)
233 4759 466 4815 Commentariorum
496 4762 529 4815 de
562 4763 690 4832 theologia
752 4765 781 4829 1)
799 4761 929 4829 Patrolop.
948 4759 976 4811 T.
995 4759 1014 4810 l.
1033 4776 1059 4827 p.
1080 4755 1224 4810 tua-162.

586 4981 816 4994 mnan-ua·-
