3067 6450
393 1172 587 1229 unnrmrun
605 1174 631 1230 s.
649 1173 840 1229 rouretum.
859 1175 901 1229 m.
920 1175 949 1230 n
968 1175 1010 1233 m.
1076 1160 1078 1165 '
1201 1181 1266 1247 283

140 1336 187 1399 De
210 1342 313 1398 cetero
338 1334 495 1398 adductum
518 1353 585 1396 eum
610 1334 806 1417 interrogavit
827 1338 1008 1419 proconsul,
1039 1357 1075 1402 nn
1098 1339 1163 1420 ipse
1186 1344 1267 1401 esset

137 1442 331 1525 Polycarpus.
378 1439 511 1520 Cumque
544 1447 706 1519 annueret,
744 1441 916 1505 hortubulur
953 1444 1023 1521 ille,
1061 1451 1093 1506 ut
1129 1449 1265 1526 negaret,

138 1546 259 1608 dicens:
282 1564 425 1606 reserere
449 1553 581 1605 oetatem
605 1554 704 1623 tuam,
736 1546 853 1627 aliaque
876 1547 921 1608 lris
944 1555 1163 1626 consentaneo,
1189 1565 1267 1629 quae
1374 1535 1380 1547 ⁴

137 1651 187 1712 isti
215 1647 376 1730 ¹prolerre
399 1649 514 1712 solent:
539 1650 620 1727 jura
640 1667 699 1727 per
720 1647 881 1726 fortunam
905 1651 1071 1730 Caesaris,
1102 1655 1265 1732 resipisce,

137 1753 350 1817 ²conctuma:
381 1754 452 1816 tolle
482 1754 601 1833 impios.
647 1755 731 1816 'lunc
759 1754 940 1836 Polycarpus
971 1758 1056 1837 gruvi
1088 1776 1123 1818 uc
1153 1775 1264 1821 severo

137 1859 220 1920 vultu
245 1860 359 1920 turbam
383 1847 499 1919 ornnem
519 1858 744 1935 sceleratorum,
767 1861 818 1939 qui
835 1860 862 1919 in
879 1857 975 1921 studio
994 1868 1088 1939 erent,
1111 1862 1264 1942 gentilium

137 1969 304 2040 contuens,
335 1981 512 2042 manumque
543 1962 572 2024 in
605 1980 658 2024 eos
690 1965 868 2044 porrigens,
900 1963 1046 2044 simulque
1075 1984 1199 2047 gemens
1231 1985 1266 2029 uo

137 2068 256 2130 coelum
279 2067 446 2147 suspiciens
470 2066 558 2128 dixit:
581 2066 655 2128 tolle
678 2061 830 2144 ³inrpios.
875 2065 1009 2147 Urgcnle
1031 2086 1105 2130 vero
1129 2086 1266 2148 procon-

136 2172 205 2234 sule
221 2178 309 2252 utque
325 2171 458 2232 dicente:
475 2172 566 2249 jura,
591 2179 621 2231 et
643 2169 762 2232 dimitto
786 2175 825 2245 te,
849 2170 983 2232 maledic
1000 2168 1148 2244 Cirrist0,·
1163 2172 1265 2256 'Poly-

136 2293 245 2357 cerpus
262 2275 433 2356 respondit:
458 2276 617 2354 octopiuta
639 2283 669 2336 et
690 2293 750 2336 sec
773 2275 849 2335 unni
865 2285 948 2352 sunt,
972 2295 1013 2336 ec
1029 2295 1090 2357 qno
1105 2279 1210 2340 servio
1225 2278 1266 2356 ei,

135 2400 195 2443 nec
225 2400 271 2441 me
300 2380 367 2440 ullu
396 2375 501 2459 effecit
532 2380 671 2458 injurin;
702 2386 732 2440 et
760 2380 915 2458 quomodo
934 2382 1055 2461 possim
1082 2383 1267 2448 maledicere

136 2485 206 2567 cepi
229 2502 307 2561 meo,
332 2485 384 2565 qni
406 2484 527 2547 saluum
548 2502 595 2544 me
616 2481 718 2560 fecit?

136 2678 177 2741 X.
199 2677 440 2758 Polycarpusse
453 2673 851 2754 Christicnnmprofitetnr,
863 2675 942 2738 etde
954 2673 1081 2742 Christo
1093 2679 1267 2761 lequienlt.

227 2799 360 2882 Urgente
375 2816 479 2862 rursus
495 2797 545 2859 illo
562 2804 592 2859 et
607 2797 743 2859 dicente:
761 2799 843 2876 jura
856 2816 915 2876 per
927 2799 1088 2880 (ortanam
1104 2801 1266 2881 Caesaris,

136 2906 311 2988 respondit:
335 2906 365 2967 si
387 2923 502 2966 vanum
525 2922 567 2965 ec
589 2922 626 2964 eo
650 2903 779 2982 qnaeris
801 2897 945 2982 plocium,
968 2914 1004 2967 ut
1024 2925 1080 2987 epo
1099 2927 1158 2986 per
1182 2906 1267 2969 Coe-

135 3011 224 3072 suris
254 3008 436 3087 fortunam,
470 3016 505 3070 ut
533 3014 566 3069 tu
590 3009 657 3082 ais,
674 3009 797 3085 jerem,
826 3003 984 3070 ⁴simulas
1009 3019 1110 3072 entem
1132 3012 1266 3088 nescire,

138 3115 213 3195 puis
234 3115 313 3187 sim:
331 3115 439 3193 polam
461 3113 555 3176 andi:
579 3110 780 3173 Christianus
799 3129 875 3173 sum.
921 3111 956 3172 st
976 3132 1052 3177 uero
1072 3116 1266 3176 christianae

139 3218 306 3281 doctrinae
338 3220 493 3281 rationem
523 3217 573 3282 nis
605 3217 747 3291 discere,
783 3215 826 3277 da
856 3215 920 3278 diei
950 3219 1087 3296 spatium
1120 3229 1150 3281 et
1179 3219 1267 3283 andi.

85 3340 88 3350 ·
139 3324 305 3387 Proconsut
328 3324 418 3386 dixit:
454 3322 637 3403 ⁵persuode
658 3321 787 3401 populo.
832 3319 1013 3403 Polycarpus
1036 3322 1205 3403 respondit:
1237 3330 1266 3384 te

139 3427 264 3508 quidem
277 3448 419 3491 sermone
435 3428 563 3509 dipsium
574 3437 651 3508 puto
660 3446 671 3499 ;
695 3426 798 3488 edocti
813 3426 892 3487 enim
908 3444 1025 3502 snmus,
1046 3422 1061 3464 ⁶
1067 3428 1267 3506 principibus

140 3541 173 3595 et
191 3532 412 3611 potestatibus,
436 3552 457 3595 a
478 3534 545 3596 Deo
567 3530 735 3608 ordinatis,
757 3537 855 3608 prout
876 3531 980 3607 decet,
1003 3532 1152 3595 honorem
1175 3530 1267 3594 nodis

139 3655 206 3712 non
220 3645 378 3699 nocentem
390 3635 622 3737 deferrepillos
634 3653 709 3696 uero
725 3635 873 3716 indipnos
883 3643 972 3715 puto,
988 3635 1100 3716 quidus
1110 3635 1268 3701 rationem

139 3740 282 3802 reddum.

140 3928 189 3992 Xl.
236 3928 300 3991 Nec
322 3930 508 4006 bestiarum,
538 3949 596 3992 nec
618 3931 701 4010 ipnis
723 3930 826 3992 minae
849 3929 1056 4012 Polycarpum
1084 3940 1267 4011 perterrent.

231 4050 270 4113 dt
292 4051 452 4132 proconsul
481 4051 519 4113 ed
547 4053 643 4134 ipsum
674 4052 764 4114 dixit:
799 4051 1055 4128 testimonialem
1084 4055 1133 4117 lis
1158 4064 1185 4116 te
1209 4054 1267 4117 olr-

135 4154 269 4233 jiciam,
302 4156 365 4217 nisi
395 4158 600 4219 convertaris.
645 4156 713 4238 lpse
744 4174 819 4221 vero
850 4160 1020 4238 respondit:
1053 4178 1179 4222 arcesse
1201 4178 1267 4237 eus,

141 4279 202 4323 nos
225 4260 306 4341 enim
328 4263 443 4324 maturi
466 4281 531 4325 non
551 4280 721 4340 possumus
751 4262 956 4325 conversione
977 4281 998 4323 a
1020 4263 1201 4325 melioribus
1225 4264 1268 4325 od

142 4366 325 4438 deteriora,·
355 4365 465 4427 bonnm
495 4373 595 4426 antem
623 4372 686 4442 est,
717 4384 764 4427 me
788 4385 808 4426 a
831 4366 923 4427 motis
949 4365 993 4426 cd
1007 4367 1099 4445 justa
1121 4369 1267 4429 transire.

141 4468 258 4532 Rursus
292 4469 348 4531 isle
381 4468 417 4530 od
449 4468 662 4550 Polycarpum:
697 4469 949 4550 quandoquidem
981 4468 1099 4531 bestias
1132 4469 1266 4548 spernis,

142 4571 208 4652 ipni
224 4578 253 4633 te
268 4572 391 4633 tradam
407 4573 657 4649 consumendum,
682 4573 747 4635 nisi
762 4574 947 4635 seutentiam
962 4583 1068 4635 mutes.
1103 4572 1157 4636 Cui
1173 4572 1267 4654 Poly·

176 4742 205 4805 5)
225 4739 243 4793 l.
257 4758 281 4793 e.
295 4745 508 4814 endireteeola,
525 4749 554 4800 si
568 4748 692 4815 apapnlo
719 4759 824 4797 semare
851 4743 964 4798 voluisse
988 4744 1097 4795 videtur.
1127 4741 1192 4792 Vide
1211 4738 1268 4806 eju
1344 4818 1346 4825 Α

139 4831 314 4897 prolationem
343 4833 468 4899 supplicii
501 4835 603 4900 poteris
636 4837 691 4885 irrr-
720 4833 854 4884 llistorinru
873 4831 966 4882 eccles.
985 4828 1004 4882 l.
1026 4830 1049 4881 l.
1067 4844 1092 4895 p.
1113 4827 1171 4880 tte.

140 4924 254 4986 parere.
279 4911 397 4969 omnum
415 4916 550 4989 proconsul
569 4916 692 4989 leontium
754 4913 1096 4985 litefr.llom.13,1.⁷.
1131 4912 1178 4973 tit.
1197 4911 1223 4983 ³,
1242 4911 1266 4969 1.
