3067 6450
412 1183 549 1237 HERMAE
568 1182 702 1237 PASTOR.
738 1181 835 1237 LIBER
853 1182 894 1236 111.
932 1182 1056 1238 snum.
1074 1185 1116 1240 lx„
1264 1189 1330 1255 425

198 1338 319 1428 ἔβησαν
341 1329 395 1407 οὖν
421 1335 492 1425 μετ’
513 1341 616 1407 αὐτῶν
646 1339 691 1417 εἷς
718 1337 756 1407 ed
784 1347 812 1407 in
842 1364 947 1428 aquam
971 1365 1036 1410 eum
1060 1348 1135 1427 iltis,
1166 1353 1196 1411 et
1225 1348 1332 1411 iterum

198 1441 298 1532 ὕδωρ,
313 1445 364 1511 καὶ
380 1442 473 1512 πάλιν
488 1440 650 1535 ἀνέβησαν.
676 1439 756 1512 'Atti'
783 1451 990 1515 escenderunt.
1022 1453 1080 1516 Sed
1098 1453 1126 1515 hi
1144 1451 1203 1514 vivi
1220 1470 1332 1514 aseen-

200 1543 295 1618 οὗτοι
333 1549 446 1632 ζῶντες
478 1550 668 1640 κατέβησαν,
705 1549 757 1618 καὶ
783 1554 907 1633 derun13
931 1558 1031 1636 atilli,
1056 1555 1332 1638 quiiueruntunte

198 1654 299 1723 πάλιν
320 1655 432 1737 ζῶντες
454 1653 618 1744 ἀνέβησαν·
645 1652 757 1723 ἐκεῖνον
784 1659 933 1740 defuncti,
971 1663 1077 1724 mortui
1117 1661 1235 1743 quidem
1275 1660 1333 1724 de-

199 1761 256 1842 dd,
280 1760 312 1828 oi
335 1759 632 1850 προκεκοιμημὲνοι,
654 1757 756 1850 νεκροὶ
784 1766 981 1845 scenderunt,
1012 1763 1065 1829 sed
1098 1767 1157 1827 vivi
1181 1766 1333 1829 escende-

198 1864 391 1954 κατέβησαν,
426 1866 541 1947 ζῶντες
574 1867 610 1934 δὲ
642 1860 754 1955 οἷνὲβνῑ-
783 1877 860 1932 runt.
919 1871 976 1932 Per
1020 1870 1076 1932 hus
1116 1871 1207 1953 igitur
1244 1872 1332 1934 vitum

200 1995 268 2040 σαν.
321 1969 385 2037 Διά
417 1967 538 2037 τούτων
572 1963 625 2038 οὖν
659 1970 756 2052 ἐζωο4
783 1981 972 2057 receperunt,
997 1980 1025 2036 et
1049 1982 1258 2058 cognoverunt
1279 1974 1332 2036 Fi-

199 2068 402 2164 ποιὴθησαν,
430 2076 484 2142 καὶ
513 2075 692 2163 ἐπέγνωσαν
718 2074 757 2142 τό
783 2081 852 2142 lium
876 2080 929 2142 Dei
937 2100 947 2156 ;
979 2079 1107 2160 ideoque
1133 2079 1334 2142 ascenderunt

200 2180 302 2264 ὄνομα
341 2183 400 2246 τοῦ
440 2179 510 2247 υἱοῦ
554 2185 652 2249 Θεοῦ·
701 2175 756 2247 dui
784 2203 849 2247 cum
888 2185 950 2262 eis,
994 2190 1024 2246 et
1061 2190 1266 2248 convenerunt
1302 2184 1333 2248 iu

199 2287 302 2352 τοῦτο
324 2284 376 2351 καὶ
397 2284 606 2374 σινανέβησαν
619 2285 687 2371 μετ’
702 2279 757 2351 ad-
783 2294 959 2351 structurum
982 2290 1088 2366 turris;
1122 2307 1178 2350 nec
1202 2289 1333 2352 eircum-

200 2391 284 2468 τῶν,
318 2389 369 2455 καὶ
401 2384 598 2480 συνήρμοσαν
627 2390 674 2469 εἰς
704 2390 758 2480 τήν
784 2394 848 2472 cisi,
871 2393 925 2456 sed
949 2393 1057 2476 integri
1083 2392 1227 2456 aedificati
1254 2399 1332 2473 sunt,

201 2491 376 2582 οἰκοδομήν
388 2499 448 2562 τοῦ
462 2491 597 2584 πύργου,
612 2495 663 2564 καὶ
679 2489 757 2563 uitu-
785 2499 923 2578 quonium
961 2498 1108 2577 aequitate
1149 2498 1229 2580 pieni
1266 2515 1332 2560 cum

200 2593 337 2686 τόμητοι
370 2595 691 2688 σννῳκοδομὴθησαν·
727 2599 758 2667 ἐν
784 2620 897 2665 summa
928 2602 1061 2663 castitate
1092 2601 1223 2664 defuncti
1246 2607 1332 2680 suut;

201 2697 386 2792 δικαιοσύνῃ
414 2704 626 2795 ἐκοιμήθησαν
650 2704 705 2770 καὶ
727 2703 758 2772 ἐν
784 2707 838 2770 sed
873 2682 1072 2769 tantumnodo
1108 2706 1166 2768 hoe
1203 2707 1333 2789 sigillum

200 2810 322 2897 μεγάλῃ
355 2806 477 2896 uinetis·
511 2807 604 2894 μόνον
636 2808 672 2874 δὲ
703 2807 758 2896 τῆν
785 2810 919 2874 defuerat
943 2812 996 2872 eis.
1036 2811 1134 2874 Hebes
1149 2810 1256 2874 horum
1273 2829 1333 2874 ex-

200 2913 370 3004 σφραγίδα
392 2908 506 3001 ταύτην
533 2908 590 2981 οὐκ
613 2910 713 2996 ἔσχον.
784 2915 1011 2998 planationern.“

292 3021 380 3084 xvn.
418 3022 455 3085 Et
478 3022 555 3085 dixi:
581 3041 680 3103 ,nune
703 3023 818 3099 iterum,
842 3019 971 3098 domine,
993 3026 1022 3084 et
1045 3019 1082 3081 de
1104 3020 1251 3082 montibus
1271 3018 1329 3082 iilis

201 3125 274 3188 mihi
306 3123 494 3205 demonstra,
529 3145 621 3207 quare
650 3126 741 3203 varii,
773 3130 803 3185 et
834 3117 888 3186 eliu
921 3132 1009 3205 atque
1034 3123 1088 3186 ulia
1111 3131 1180 3186 sunt
1203 3123 1327 3206 figuru.“

205 3230 337 3310 ,Audi,“
361 3231 469 3310 inquit:
495 3231 543 3309 ,hi
561 3230 716 3293 duodecim
733 3237 859 3308 montes,
876 3247 953 3311 quos
969 3229 1063 3308 vides,
1087 3228 1243 3291 duodecim
1259 3235 1330 3292 sunt

203 3344 333 3419 gentes,
358 3354 434 3416 qnae
462 3333 578 3399 ¹totum
602 3336 736 3398 obtinent
759 3336 872 3397 orbem.
917 3334 1106 3397 Praedicutus
1132 3340 1179 3397 est
1201 3352 1276 3417 ergo
1299 3335 1334 3397 in·

204 3441 249 3502 eis
266 3439 357 3502 Filius
375 3440 428 3502 Dei
444 3458 499 3522 per
515 3458 579 3519 eus,
603 3458 678 3520 quus
695 3441 759 3521 ipse
776 3439 812 3501 ad
829 3438 895 3501 illos
912 3440 1016 3501 misit.“
1057 3440 1178 3519 „Quare
1200 3439 1327 3518 uutem,“

204 3545 343 3625 inquam,
375 3546 469 3623 ,varii
492 3550 577 3622 sunt,
609 3552 639 3606 et
662 3545 718 3607 elia
741 3551 830 3626 etque
854 3544 911 3606 alia
934 3544 1075 3626 figuru‘?“
1124 3544 1241 3623 „Audi2
1274 3542 1330 3606 hue

203 3647 363 3710 duodecim
385 3655 502 3730 gentes,
526 3668 602 3730 quae
619 3656 710 3711 totum
727 3650 861 3713 obtinent
877 3650 990 3727 urbem,
1014 3638 1171 3712 duodecim
1194 3650 1329 3710 nationes

203 3759 291 3830 sunu
325 3760 356 3815 et
386 3755 463 3817 sicut
493 3773 546 3817 eos
577 3761 692 3817 montes
723 3755 821 3818 vidisti
854 3754 970 3833 varios,
1002 3755 1040 3817 ite
1071 3762 1102 3817 et
1132 3752 1188 3815 hee
1211 3757 1328 3832 gentes.

204 3858 322 3921 Sensus
354 3875 476 3938 quoque
514 3865 544 3919 et
576 3866 660 3921 uetus
694 3859 929 3940 uniuscujusque
968 3859 1075 3920 montis
1113 3863 1142 3920 te
1180 3854 1326 3917 duceb0.“

206 3962 342 4041 ,Prius‚“
366 3963 494 4042 inquens,
519 3962 668 4042 ,domine
691 3963 749 4024 hoc
773 3963 842 4023 mihi
866 3961 1053 4025 demonstra:
1077 3979 1165 4043 quum
1189 3960 1247 4023 sint
1270 3965 1328 4021 tum

205 4067 281 4130 varii
305 4066 335 4127 hi
358 4073 484 4145 montes,
508 4085 636 4147 quonam
660 4073 746 4148 pecto
772 4068 800 4128 in
824 4073 1000 4129 structuram
1027 4067 1114 4146 hujus
1138 4066 1228 4127 turris
1250 4082 1329 4127 eun·

205 4172 361 4250 venerint,
394 4168 543 4252 ²unuque
565 4172 740 4254 redigantur
762 4171 883 4247 colore,
915 4177 945 4232 et
973 4189 1033 4232 nun
1065 4170 1159 4231 minus
1182 4169 1330 4250 splendidi

204 4278 274 4353 sint,
299 4294 385 4357 quem
409 4276 459 4355 qui
482 4276 681 4338 ascenderunt
703 4295 742 4338 ex
765 4274 959 4357 profundot‘
1006 4274 1201 4352 ,Quunium,“
1226 4275 1329 4355 inquit,

207 4381 388 4457 ,universae
410 4381 564 4457 nationes,
587 4398 663 4460 quae
686 4380 740 4443 sub
764 4379 851 4441 coeto
874 4385 958 4455 sunt,
990 4379 1147 4441 audierunt
1174 4387 1204 4441 et
1225 4379 1329 4441 credi-

206 4482 331 4562 derunt,
363 4489 393 4543 et
423 4502 482 4546 uno
511 4486 629 4546 nomine
653 4483 716 4546 Fiiii
740 4484 795 4546 Dei
826 4484 922 4545 vuenti
952 4490 1028 4546 sunt.
1074 4483 1208 4565 decepto
1238 4482 1328 4564 igitur

206 4590 272 4671 ejus
302 4587 419 4670 sigilio,
454 4589 586 4651 eumdem
623 4606 726 4651 omnes
760 4588 946 4670 prudentiam
980 4588 1175 4668 eumdemque
1206 4603 1327 4647 sensum

206 4698 403 4772 aeceperunt3
435 4697 465 4755 et
489 4712 545 4756 una
568 4692 642 4755 fides
665 4700 755 4773 etque
779 4693 906 4755 charites
930 4712 1032 4756 eurum
1055 4691 1125 4769 fuit,
1154 4697 1184 4752 et
1206 4689 1328 4769 spiritus

240 4846 269 4907 1)
288 4844 394 4898 Hermus
413 4846 547 4897 ecclesium
574 4849 754 4901 universatem
817 4848 845 4910 2)
865 4847 916 4899 Cir.
936 4862 1010 4913 snpra
1030 4862 1052 4896 e.
1066 4846 1091 4896 4.
1111 4862 1135 4913 p.
1148 4843 1200 4895 ⁴12
1216 4860 1267 4912 sq.:
1286 4846 1330 4900 itti

205 4932 344 4998 pnedicnt.
364 4929 417 4983 Cir.
429 4936 520 4996 nette,
531 4933 646 5001 Aniiuge
658 4951 682 5001 p.
694 4936 753 4985 577.
781 4944 868 4987 autem
886 4936 1037 4986 excidebant
1055 4936 1192 4986 uariorum
1208 4934 1328 4988 euterun

206 5020 372 5094 Hitqonfetd,
391 5018 408 5069 1.
429 5034 451 5069 c.
470 5035 495 5090 p.
516 5018 575 5071 15⁴.
595 5029 648 5072 not.
669 5022 710 5073 17.
780 5023 882 5090 tepidos
901 5025 950 5070 etc.
