3067 6450
363 1154 486 1211 tonum
502 1154 659 1211 EPISTOLA
677 1156 722 1211 AD
741 1157 1058 1217 ruttuustmnsss
1076 1164 1106 1219 V.
1125 1165 1166 1221 Vi.
1263 1172 1326 1237 215

199 1318 236 1383 V.
283 1315 379 1381 Orate
400 1335 461 1396 pro
484 1336 540 1392 me,
564 1317 619 1398 qui
644 1317 792 1399 consupio
814 1319 858 1380 nd
871 1319 1076 1402 Eneapeiium
1098 1334 1129 1387 et
1147 1325 1328 1408 Apostolos.

468 1421 631 1485 Bonorute
653 1424 748 1485 etium
766 1425 938 1504 propicius
966 1426 996 1487 V.
1024 1427 1055 1489 T.

289 1526 409 1588 Fratres
432 1527 499 1603 mei,
524 1525 610 1588 vaide
633 1526 746 1591 effusus
769 1547 835 1591 sum
858 1532 886 1592 in
908 1550 1039 1594 amorem
1061 1535 1164 1612 uestri,
1188 1542 1217 1597 et
1240 1536 1327 1600 vaide

199 1630 325 1694 laetatus
348 1629 461 1691 roboro
485 1647 558 1704 vos;
590 1649 650 1692 non
674 1649 733 1713 ego
757 1651 848 1711 vero,
871 1634 925 1696 sed
949 1633 1038 1697 Jesus
1061 1637 1213 1718 Christus,
1241 1643 1327 1724 cujus

201 1736 295 1816 grstia
320 1735 435 1795 uinctus
457 1732 524 1814 ptus
548 1733 658 1812 timeo,
690 1738 757 1816 quin
789 1738 919 1801 nondum
945 1758 1010 1802 sum
1035 1742 1221 1824 ¹perieetus.
1267 1747 1327 1810 Sed

202 1841 297 1902 oratio
322 1843 422 1899 restra
446 1837 482 1898 ad
499 1836 592 1899 Deum
616 1857 663 1899 me
685 1841 829 1922 perficiet,
853 1851 885 1905 ut
906 1850 989 1906 sorte
1012 1864 1068 1926 per
1092 1848 1327 1912 misericordiam

201 1943 268 2005 mihi
292 1944 441 2024 assignata
464 1941 578 2021 potiar,
609 1940 815 2027 'confugiens
847 1947 883 2009 ad
906 1947 1100 2032 Evangeiium
1128 1957 1264 2033 nunqnam
1289 1953 1327 2016 ad

200 2048 397 2129 corporaliter
418 2052 605 2128 praesentem
629 2047 793 2127 Christum,
824 2057 853 2112 et
877 2053 913 2114 ad
937 2053 1102 2133 Apostolos
1129 2061 1265 2137 tanquam
1288 2056 1326 2119 ad

200 2169 345 2233 praesens
377 2150 523 2212 ecciesiae
552 2153 779 2234 presbyterium.
824 2155 883 2218 Sed
913 2164 943 2218 et
966 2157 1128 2238 Prophetas
1157 2160 1324 2243 diligamus,

200 2259 267 2339 quin
292 2263 322 2318 et
345 2255 400 2334 ipsi
423 2254 619 2338 Evangciium
642 2259 890 2338 annuntiaverint,
916 2267 945 2322 et
965 2262 993 2323 in
1016 2258 1193 2326 ὃῦΙπῐοΙιιιιι
1214 2283 1325 2345 spera-

200 2361 306 2436 uerint,
330 2367 360 2421 et
383 2361 477 2440 ipsum
500 2364 759 2441 exspectaverint;
783 2382 945 2445 perquem
967 2373 997 2427 et
1020 2367 1179 2430 credentes
1200 2370 1325 2432 satutem

198 2465 353 2530 consecuti
376 2473 461 2544 sunt,
484 2465 557 2528 Jesu
582 2466 700 2530 Christo
724 2470 813 2545 uniti3
840 2487 930 2550 qurum
954 2478 1057 2532 essent
1079 2473 1190 2550 sancti,
1221 2490 1325 2536 amore
1408 2471 1415 2487 '

197 2579 228 2634 et
257 2569 452 2632 admiratione
483 2568 582 2652 digni,
615 2589 631 2632 a
664 2571 739 2634 Jesu
766 2571 884 2635 Christo
916 2574 1114 2635 testimonium
1143 2574 1260 2656 adepti,
1294 2582 1325 2637 et

197 2675 403 2740 connumerati
426 2675 456 2736 in
478 2673 644 2757 Evangelio
667 2677 733 2759 spei
756 2677 928 2739 communis.

420 2865 466 2927 Vi.
511 2864 575 2928 Nec
598 2874 699 2928 tumen
722 2867 921 2929 Judor‘smum
943 2866 1103 2939 admittite.

285 2988 315 3050 Si
339 2987 404 3067 quis
426 2993 524 3049 autem
547 2988 634 3050 vobis
649 2986 832 3049 Judoismum
853 2986 1015 3068 praedicet,
1040 3005 1079 3049 ne
1099 2989 1225 3053 audiatis
1245 3008 1322 3054 eum.

194 3091 303 3156 Melius
334 3097 380 3153 est
413 3093 507 3169 enim,
539 3110 556 3154 a
589 3093 654 3154 uiro
685 3092 860 3154 circumciso
894 3088 1175 3154 ⁴cnrtsumtsmum
1208 3094 1321 3172 audire,

194 3216 283 3281 quam
306 3197 342 3261 ab
366 3196 494 3259 habente
517 3199 700 3280 praeputium
723 3196 915 3260 Juduismum.
962 3195 992 3259 Si
1023 3201 1121 3257 autem
1145 3196 1262 3277 utrique
1284 3196 1322 3259 de

193 3301 268 3366 Jesu
294 3300 412 3364 Christo
435 3319 494 3364 non
518 3303 693 3384 loquantur,
726 3304 775 3365 isti
806 3301 875 3364 mihi
904 3297 1087 3364 ⁵columnae
1117 3301 1322 3381 sepuiehrates

194 3414 226 3469 et
249 3412 430 3468 mortuorum
453 3415 523 3470 sunt
544 3413 750 3483 monumenta,
784 3406 890 3487 quibus
917 3404 1066 3467 hominum
1090 3406 1207 3467 nomina
1232 3404 1322 3467 dum·

193 3516 278 3574 taxat
299 3510 439 3591 inscripta
462 3516 539 3573 sunt
585 3510 689 3591 Fugite
712 3512 803 3595 igitur
825 3509 916 3571 malas
936 3515 1016 3571 artes
1040 3515 1071 3569 et
1090 3509 1212 3570 insidias
1235 3511 1322 3590 prin-

194 3616 270 3696 cipis
293 3614 387 3676 secuti
408 3614 507 3697 huJus,
530 3633 569 3677 no
585 3616 704 3695 qirando
721 3614 876 3695 prudentia
893 3613 958 3694 ejus
974 3614 1111 3694 oppressi
1131 3613 1159 3673 in
1181 3612 1322 3675 charitate

193 3714 396 3800 ‘langueatis
432 3718 491 3782 Sed
508 3736 612 3782 omncs
628 3721 700 3782 uniti
716 3720 781 3781 sitis
797 3718 946 3780 indivulso
963 3716 1065 3779 corde.
1097 3716 1212 3779 Gratias
1224 3722 1322 3778 autem

194 3841 256 3907 apo
281 3824 345 3885 Deo
368 3840 447 3902 meo,
470 3825 551 3905 quod
576 3825 674 3905 quoad
698 3843 753 3888 vos
777 3824 855 3887 bona
878 3822 1023 3904 gaudeam
1050 3821 1242 3896 conscientia,
1265 3837 1322 3882 nee

193 3928 293 4011 possit
314 3928 469 4009 quisquam
492 3928 631 4011 gloriari,
662 3929 711 3992 uei
742 3934 862 3992 secreto
892 3924 938 3988 vei
961 3924 1073 4008 palam,
1103 3944 1121 3988 a
1144 3943 1190 3986 me
1213 3942 1322 4007 quem-

193 4131 255 4170 me
274 4114 458 4182 accipiendum.
487 4118 647 4186 bessinpr'ue
666 4114 744 4185 (Opp.
808 4115 837 4183 3)
856 4114 913 4168 Vct.
932 4113 979 4167 iat.
998 4113 1087 4214 legite
1077 4109 1243 4177 *expansa

194 4202 238 4255 sd
253 4201 405 4254 Lachmann.
419 4200 446 4254 T.
458 4200 499 4254 XI.
513 4218 538 4270 p.
552 4202 615 4270 567)
633 4204 746 4255 itascri-
807 4202 836 4264 4)
858 4203 975 4267 xpum
976 4198 1053 4263 nm.
1090 4198 1209 4263 Quaere,
1236 4214 1268 4250 an
1294 4206 1323 4250 ut

194 4285 308 4342 bendum
336 4304 393 4340 erse
421 4297 510 4357 putat·
541 4286 685 4355 πώροοφνγν
712 4287 922 4354 τῷΑοιίοοΙιίοο
946 4288 1027 4353 primo
1051 4301 1144 4337 nomen
1170 4286 1250 4349 xpm
1251 4303 1321 4344 ιονοι,

192 4370 320 4439 inwaednp
308 4392 368 4430 eur
384 4371 542 4441 emptique&
562 4375 684 4437 Χριοιο,
721 4378 806 4426 atita
825 4373 989 4441 indignatio,
1014 4371 1166 4423 Antiochino
1190 4374 1321 4439 episcopo,

193 4463 385 4527 roisnpwdv
390 4463 462 4526 tipo
468 4458 550 4518 riu
520 4456 745 4524 resipuere-irino-
716 4462 879 4528 o-priruum
903 4467 1023 4527 usurpata
1045 4473 1096 4511 vox
1116 4458 1275 4523 Χριοτοοινιο
1242 4456 1321 4512 nudet

180 4544 294 4605 achion
338 4546 389 4598 utu
417 4563 460 4595 ουο
430 4541 553 4613 ὖογγῖιον
540 4546 616 4597 rde
645 4548 747 4608 scriptia
774 4550 903 4598 Priasus.

180 4631 355 4701 :Branpaiim
374 4627 453 4681 dno'ur
455 4633 504 4682 οὶοι
517 4627 767 4700 descriptisdpo-
807 4632 836 4698 5)
854 4632 894 4681 Στ
895 4634 958 4696 itae,
976 4635 1112 4686 caiuma
1129 4629 1319 4697 cepuicitraiee

195 4719 336 4783 rtoiorum,
361 4736 480 4783 προφρτοι
472 4719 537 4772 edo
563 4721 662 4787 scriptis
680 4716 745 4769 Pro·
807 4718 836 4782 6)
863 4719 900 4772 lta
933 4728 1005 4772 reeta
1038 4715 1114 4768 babet
1142 4712 1320 4781 interpolator.

195 4805 329 4875 piretum
343 4820 390 4857 reu
401 4805 435 4857 da
443 4803 471 4855 V.
481 4803 509 4858 T.
521 4807 657 4874 accipiunt.
682 4804 745 4856 itate
773 4803 835 4858 Cod.
850 4805 931 4871 Νι.,’
924 4823 949 4858 m
968 4820 1018 4873 que
1035 4823 1059 4851 οι
1077 4802 1227 4868 saepissime
1246 4813 1321 4867 pror

197 4893 382 4948 nictimine
399 4892 433 4943 da
453 4890 586 4959 Prophetis
603 4896 668 4948 neni
685 4892 744 4944 ioe-
772 4893 926 4956 scribuntur,
945 4892 1047 4943 exhibet
1065 4883 1250 4951 ἱξοοθονὴοειοι.
1271 4888 1319 4937 Ja-

197 4975 265 5031 deria
273 4978 475 5031 reudoctoribur
483 4978 744 5032 cirtatimirremuiat.
773 4995 881 5032 οοοιοι.
