3067 6450
187 1123 202 1156 ⁸
275 1181 341 1247 382
487 1175 628 1229 ΜΔΕ
645 1173 782 1228 PASTOR.
819 1172 915 1226 uuus
933 1172 976 1226 Ill.
1012 1172 1141 1226 sumt.
1161 1173 1195 1223 Ῑ.

277 1338 375 1419 ,Ouid
399 1339 483 1416 eut,“
507 1339 620 1419 iuquit,
649 1336 804 1416 ,statio?“
850 1335 887 1398 Et
909 1335 989 1398 dixi:
1018 1335 1215 1417 ,jejuuim²
1261 1332 1300 1395 Et
1322 1333 1402 1396 dixi:

277 1444 438 1525 ,quidest
458 1441 530 1504 rllud
547 1443 742 1525 jejunium?'·'
790 1442 892 1521 „Sicut
914 1441 1079 1518 soteuam‘
1104 1440 1245 1520 inqua,
1272 1442 1337 1519 ,sic
1355 1442 1404 1520 je-

271 1549 379 1631 juu0.“
426 1546 606 1624 ,n'eoctru‘
631 1548 735 1628 iuquit,
759 1547 846 1625 „ileo
864 1548 1025 1630 jejunum
1052 1545 1174 1627 'neque
1199 1553 1249 1609 est
1262 1548 1405 1630 jejunium

275 1654 346 1731 loc,
368 1653 449 1735 quod
468 1652 622 1736 jejunatis,
645 1652 722 1730 Deo,
744 1653 817 1715 nihil
838 1652 1059 1735 proficientea‘
1099 1651 1255 1730 ,Quare‘
1279 1654 1405 1732 iuqmu,

277 1760 428 1839 ,domina
451 1758 491 1820 ita
514 1757 635 1837 dicis‘t“
683 1757 779 1835 ,Dico
801 1759 915 1835 certe,“
939 1758 1044 1839 inquit,
1068 1774 1151 1835 ,uon
1173 1775 1249 1819 ease
1261 1758 1407 1840 jejunium

276 1864 353 1943 loc,
382 1863 464 1945 quod
487 1863 596 1945 putatis
619 1880 675 1925 ros
691 1865 853 1946 jejunare3
884 1862 940 1925 sed
962 1878 1023 1943 ego
1046 1867 1076 1922 te
1098 1861 1238 1939 docebo,
1269 1861 1352 1943 quod
1373 1863 1407 1923 rit

273 1970 422 2053 jejunium
445 1967 565 2049 pienum
588 1974 805 2049 acceptumque
827 1969 903 2031 Deo.
947 1966 1065 2046 Audi,‘
1093 1968 1208 2048 iuquit:
1239 1968 1407 2046 ,Dominus

278 2093 341 2139 nou
364 2074 515 2136 desiderat
538 2072 597 2134 tale
616 2073 762 2155 jejunium
793 2091 1029 2155 supervacuum
1060 2073 1105 2134 sic
1134 2074 1217 2136 euiru
1242 2072 1407 2156 jejunando

277 2179 350 2243 uilril
387 2184 521 2260 praestas
557 2179 707 2258 aequitati
760 2177 869 2262 JeJuua
907 2183 990 2241 certe
1023 2197 1127 2240 rerum
1161 2178 1312 2260 jejunium
1346 2178 1406 2240 tale

278 2281 386 2347 ²Nihil
409 2285 520 2347 iuvita
543 2291 593 2346 tua
616 2284 756 2364 nequiter
779 2283 887 2363 faciam
918 2282 974 2345 sed
1003 2288 1103 2344 urente
1130 2301 1207 2363 pura
1230 2284 1316 2346 servi
1338 2283 1406 2360 Deo,

280 2389 453 2453 custodiens
476 2388 612 2452 mandata
634 2389 711 2470 ejus,
734 2395 764 2451 et
787 2390 816 2452 in
832 2394 992 2472 praecepta
1007 2389 1074 2470 ejus
1094 2388 1290 2471 ingrediaris,
1313 2406 1407 2468 neque

279 2496 435 2558 admiseris
452 2493 632 2557 desiderium
649 2512 764 2557 nocem
779 2496 809 2557 in
825 2496 924 2557 animo
940 2500 1000 2557 tuo.
1041 2492 1139 2555 Crede
1154 2500 1258 2555 autem
1273 2493 1405 2570 Domiro,

278 2601 305 2663 si
328 2601 403 2662 haec
426 2599 547 2678 leceris,
570 2601 769 2680 timoremque
791 2601 857 2682 eius
880 2600 1032 2678 habueris,
1053 2605 1144 2680 atque
1166 2598 1352 2662 abstinueris
1373 2598 1405 2660 ab

280 2705 360 2767 omni
384 2705 509 2788 negotio
531 2705 619 2782 malo,
643 2703 707 2767 Deo
727 2711 756 2768 te
776 2706 932 2768 victurum.
971 2703 1052 2766 llaec
1071 2704 1097 2766 si
1118 2701 1243 2783 leceris,
1262 2705 1405 2787 jejunium

279 2825 418 2890 magnum
441 2810 659 2873 consummabis
680 2818 895 2893 acceptumque
917 2810 1075 2873 Domiu0.“

367 2914 399 2976 ll.
425 2914 523 2994 ,aaut
539 2914 769 2995 similitudinem,
791 2935 880 2997 quam
896 2916 1028 2979 dicturus
1042 2932 1108 2977 sum
1123 2914 1186 2992 tibi,
1211 2912 1249 2975 ad
1266 2913 1405 2996 jejuuiuu

280 3020 486 3101 pertinentem.
532 3020 667 3098 Quidam,
690 3039 779 3101 quum
803 3023 927 3084 haberet
950 3019 1072 3084 fundum
1095 3037 1267 3099 servosque
1292 3019 1405 3093 multos,

281 3127 311 3189 in
334 3128 460 3207 quadam
483 3134 567 3210 parte
590 3126 673 3190 fundi
687 3127 733 3189 sui
750 3128 850 3208 posuit
869 3124 1010 3189 ³rineam
1029 3126 1278 3200 successoribus;
1303 3122 1404 3185 deinde

280 3251 412 3315 peregre
435 3232 588 3314 profectus
611 3234 702 3317 elegit
724 3250 861 3311 servum,
885 3251 973 3314 quem
995 3231 1121 3295 habebat
1148 3230 1353 3294 fidelissimum
1374 3246 1405 3291 ac

281 3337 338 3400 sibi
360 3338 534 3418 probatum3
557 3340 645 3420 eique
668 3339 832 3419 assignavit
854 3340 988 3416 vineam,
1011 3338 1217 3419 praecipiens,
1249 3342 1280 3398 ut
1303 3335 1404 3397 vitibus

277 3442 420 3523 jungeret
442 3442 544 3521 palos;
576 3443 655 3523 quod
678 3443 704 3504 si
727 3441 867 3521 lecisset,
900 3449 931 3506 et
960 3441 1126 3505 mandatum
1153 3459 1242 3504 suum
1266 3458 1403 3503 consum

282 3553 409 3624 mosset,
440 3546 605 3610 libertatem
628 3547 725 3610 eidem
747 3567 783 3611 se
807 3548 943 3628 daturum
969 3547 1112 3630 promisit
1157 3547 1224 3610 Nec
1253 3553 1403 3628 praeterea

281 3649 439 3731 quidquam
468 3651 547 3715 atiud
576 3654 728 3734 praecepit
756 3654 815 3732 ilii,
849 3652 930 3734 quod
959 3654 989 3715 in
1019 3672 1056 3716 ea
1087 3653 1220 3729 iaceret5
1254 3660 1345 3733 atque
1371 3652 1403 3712 ita

281 3773 412 3839 peregre
435 3757 588 3839 protectus
611 3764 665 3821 est.
712 3759 868 3839 Postquam
892 3764 989 3821 autem
1013 3775 1121 3821 servus
1152 3758 1203 3820 itte
1227 3775 1332 3820 curam
1353 3774 1403 3837 ap·

281 3860 454 3940 prehendit,
489 3860 574 3939 lecit,
605 3879 812 3943 quaecumque
835 3872 1032 3947 praeceperat
1058 3862 1206 3926 domiuus.
1253 3864 1403 3942 Quumque

282 3961 449 4043 deputasset
474 3963 587 4025 vineam
612 3965 700 4044 illam,
725 3974 754 4028 et
774 3968 1031 4031 animadvertisset
1047 3987 1112 4031 eam
1128 3968 1233 4032 herbis
1249 3969 1402 4050 repletam

281 4067 380 4146 coepit
395 4086 496 4130 secum
513 4068 552 4130 ita
568 4070 713 4151 cogitare,
737 4070 857 4135 dicens:
880 4076 996 4158 peregi,
1018 4073 1099 4155 quod
1120 4074 1191 4138 milri
1213 4077 1403 4156 praeceperat

281 4232 383 4294 ordeum
407 4238 558 4306 (stationis)
584 4242 735 4296 uocabulum
760 4260 831 4296 more
895 4245 922 4315 l)
940 4244 980 4298 Do
995 4245 1102 4312 jejuniis
1120 4246 1189 4300 lalcis
1208 4247 1256 4301 cfr.
1277 4244 1402 4313 samm

281 4320 379 4375 illorum
399 4330 536 4393 uarrrpavit.
565 4330 621 4382 llon
640 4333 707 4383 enim
728 4333 830 4384 memini
858 4350 881 4389 c.
899 4335 925 4385 3.

282 4424 323 4462 me
354 4411 441 4480 legere
464 4414 587 4480 jejunium
614 4419 638 4469 in
664 4417 771 4471 Graecia
795 4421 832 4471 aic
894 4422 922 4485 2)
942 4420 980 4473 lle
996 4420 1118 4489 spirituali
1126 4419 1228 4487 jejunio
1241 4420 1352 4475 Pastoris
1364 4419 1402 4472 clr.

281 4508 399 4562 vocatum
425 4499 510 4553 luisse.
547 4502 674 4557 interdum
692 4511 832 4562 stationem
859 4508 915 4559 inlr.
935 4526 957 4560 c.
977 4508 1002 4560 ³.

281 4588 416 4653 ujep'unio
436 4585 565 4656 distingui,
584 4599 610 4642 ut
627 4594 739 4659 speciem
758 4593 831 4646 scili·
894 4595 923 4660 3)
942 4595 1080 4649 Parabolos
1106 4596 1139 4649 de
1157 4597 1234 4649 uiuae
1253 4599 1367 4667 reperies
1383 4597 1402 4646 ir

282 4680 324 4724 cet
342 4690 356 4724 a
377 4689 483 4742 genere,
501 4682 576 4743 utque
595 4680 676 4746 accipi
695 4695 741 4747 pro
758 4679 831 4747 jeju·
859 4682 933 4734 Novo
961 4682 1029 4734 lert.
1058 4682 1145 4735 ttauu
1170 4684 1205 4735 20
1233 4692 1262 4737 et
1288 4685 1348 4736 Luc.
1366 4682 1401 4734 2⁰.

282 4760 325 4810 uio
343 4770 446 4828 quartae
459 4760 538 4812 leriae
552 4771 578 4813 et
590 4773 686 4829 sextae,
706 4767 833 4836 colligitur
858 4770 886 4821 lu
905 4769 1071 4839 sequentibus
1087 4770 1228 4823 similitudo
1241 4772 1306 4824 hacc
1320 4768 1401 4838 duplici

150 4873 153 4879 ·
283 4861 315 4898 cx
344 4847 428 4899 multia
457 4846 520 4899 locis
548 4847 703 4904 Tertulliani.
736 4858 830 4906 Corra.
859 4857 936 4908 modo
955 4857 1115 4926 explicatur:
1135 4858 1164 4925 ι)
1182 4874 1261 4912 ceusu
1279 4857 1399 4911 moraliir

283 4929 333 4982 Clr.
349 4936 471 5002 Augusti,
483 4932 581 4985 llandb.
596 4936 620 4987 d.
635 4937 686 4990 chr.
698 4939 832 4994 Archaeo-
859 4943 943 5008 capite
967 4942 1018 4994 suo
1044 4951 1070 4995 et
1096 4944 1127 5009 b)
1144 4961 1223 4998 seusu
1251 4947 1357 5013 mystico
1380 4944 1398 4994 ir

282 5015 362 5085 logie,
384 5017 411 5071 Τ.
430 5018 474 5072 lll.
493 5037 518 5089 p.
538 5021 598 5075 320.
859 5029 943 5096 capito
960 5029 985 5083 ⁵.
