3067 6450
195 1183 220 1239 8.
240 1182 389 1253 leuant]
633 1180 889 1238 rnousdousn'n
1253 1186 1328 1241 xllx
1374 1133 1376 1144 Ι

194 1345 356 1409 liutherus
376 1341 423 1429 ¹),
447 1343 630 1407 Friderierre
653 1342 861 1407 Drlsterdieclr
877 1342 928 1429 ²),
954 1345 1116 1409 Gerendus
1142 1345 1279 1411 Uhliorn
1293 1344 1326 1432 ³)

195 1457 225 1514 el
239 1450 423 1533 Anonpmur
440 1447 557 1529 quidam
574 1449 603 1509 in
621 1447 876 1530 ephemeridibus:
899 1451 1020 1514 lierold
1043 1454 1098 1514 des
1114 1453 1272 1517 Gloubene
1284 1450 1326 1536 ⁴).

283 1556 317 1618 ll.
357 1555 440 1630 Quae
456 1571 522 1632 nos,
543 1553 733 1633 epistolarum
749 1553 856 1637 ignatii
871 1574 934 1617 rem
950 1574 1054 1638 agere,
1075 1564 1223 1634 moveant,
1239 1557 1324 1621 audi:

286 1654 324 1742 1)
348 1659 467 1721 Minime
491 1657 526 1718 D.
549 1656 673 1720 Bantius
705 1660 792 1721 nobis
822 1661 986 1741 persuasit,
1015 1663 1186 1726 Romanum
1209 1661 1326 1744 Ipnolii

191 1766 271 1841 iter,
304 1763 383 1845 quod
413 1762 565 1827 scribendi
596 1763 649 1826 has
673 1763 816 1846 epistolas
839 1765 1027 1827 occasionem
1054 1768 1227 1849 praebuisse
1250 1786 1325 1850 per-

191 1868 323 1946 hibetur,
347 1886 418 1931 esse
441 1869 680 1931 commentitium.

282 1970 320 2057 a)
345 1974 504 2056 Traianum
528 1974 606 2035 enim
622 1973 800 2037 Antiochiae
823 1972 972 2037 hiemasse
992 1973 1120 2039 dubitari
1141 1994 1201 2040 non
1218 1984 1323 2059 polest

283 2075 322 2161 b)
346 2078 420 2141 Eum
436 2077 631 2154 Christianos,
654 2079 722 2142 illos
746 2079 933 2161 praesertim,
956 2081 1006 2161 qui
1031 2080 1120 2143 delati
1143 2089 1173 2143 el
1195 2083 1326 2146 accusati

191 2190 291 2261 erant,
313 2182 350 2246 ad
368 2189 492 2247 mortem
508 2181 677 2260 denudasse,
701 2201 789 2246 nemo
801 2184 872 2265 jure
888 2185 1018 2267 negabit.
1056 2184 1122 2248 lam
1137 2185 1230 2250 Plinio
1248 2189 1325 2251 enim

190 2287 367 2371 proconsuli
390 2288 552 2369 imperator
574 2286 782 2349 mandaverat:
809 2289 858 2365 „si
881 2289 1066 2369 deserentur
1088 2298 1117 2352 et
1136 2302 1323 2372 crpoonlur,

186 2394 347 2472 puniendi
370 2396 472 2456 eenl.“
520 2391 579 2455 Cir.
606 2392 755 2470 idibem,
778 2392 797 2455 l.
821 2410 846 2454 c.
870 2411 897 2473 p.
922 2390 995 2458 264.

282 2494 320 2582 c)
343 2498 439 2576 Plebs,
463 2516 569 2580 panem
586 2506 616 2561 el
631 2499 790 2561 circenses
810 2497 973 2577 postulans,
996 2498 1113 2561 meliori
1135 2500 1322 2566 nullomodo

188 2603 305 2687 placeri
327 2608 454 2684 poterat,
478 2622 565 2684 quam
589 2604 823 2667 Christianorum
847 2601 883 2664 ad
906 2603 1024 2666 bertier
1048 2603 1244 2667 damnatione.

282 2705 320 2791 d)
346 2708 555 2789 imperatorem
571 2716 622 2771 aut
637 2707 848 2791 proconsulem
862 2708 928 2788 ejus
944 2703 989 2790 (si
1004 2708 1183 2772 llhlhornum
1197 2707 1321 2796 audias)

189 2810 349 2877 damnatos
372 2814 556 2877 Christianos
586 2814 708 2878 Romam
735 2813 871 2891 misisse,
902 2819 935 2875 ul
957 2798 1120 2876 Romanae'
1136 2814 1215 2895 plebi
1244 2818 1321 2898 grati

188 2917 303 3000 aliquid
335 2918 463 2999 laceret,
499 2918 581 2982 nullo
615 2918 705 2983 rnodo
738 2918 856 2981 veritali
889 2925 1045 3000 repugnat.
1091 2916 1150 2980 Cir.
1185 2919 1321 2984 llhlhorn

188 3022 262 3087 lc
285 3043 313 3107 p.
337 3021 401 3089 264
423 3042 468 3105 sq.

280 3126 317 3212 e)
340 3128 426 3203 Quod
456 3129 588 3212 ignatiru
619 3129 763 3210 Smyrnae
788 3132 824 3189 et
852 3125 970 3190 Troade
1001 3126 1108 3190 iratres
1140 3132 1320 3193 convenisse

190 3234 294 3315 ibique
317 3235 458 3316 epistolas
482 3237 640 3318 scripsisse
665 3234 847 3318 perhibetur,
870 3231 900 3293 id
922 3233 1040 3294 minime
1058 3235 1231 3297 contradicit
1247 3254 1319 3297 cru-

191 3339 305 3402 delitati
329 3339 502 3417 custodum,
535 3340 573 3403 de
603 3359 661 3415 qun
693 3340 757 3420 ipse
781 3338 810 3398 in
834 3336 887 3417 Ep.
913 3335 949 3396 ad
973 3336 1056 3399 Rom.
1081 3356 1107 3399 c.
1132 3336 1151 3399 5
1175 3342 1319 3419 (meritur.

190 3444 279 3526 Apud
296 3443 446 3507 llonranos
463 3447 541 3507 enim
559 3445 693 3526 captivis,
717 3442 753 3504 ad
770 3442 877 3503 milites
893 3440 1031 3522 alligatis,
1054 3442 1229 3522 permissum
1247 3448 1320 3521 erat,

191 3549 304 3611 amicos
326 3551 481 3630 suscipere
504 3557 534 3611 et
556 3547 650 3611 libere
682 3546 812 3626 colloqui
842 3564 908 3606 cum
940 3544 1005 3606 illis.
1051 3545 1158 3609 Paulus
1182 3566 1208 3610 e.
1232 3565 1261 3628 g.
1290 3547 1319 3609 in
1398 3527 1404 3552 '

190 3654 318 3717 vinculis
334 3653 482 3716 Christum
505 3654 695 3736 praedicavit
742 3651 802 3714 Cir.
825 3650 890 3712 Act.
913 3647 964 3727 28,
986 3646 1033 3713 16.
1057 3648 1107 3714 30.
1129 3648 1180 3713 31.
1226 3651 1319 3713 Prae-

191 3763 276 3820 terea
299 3760 475 3839 saepissime
498 3759 656 3822 Christiani
686 3758 795 3822 aditum
826 3756 862 3818 ad
894 3762 1040 3838 martyres
1063 3762 1093 3818 et
1115 3756 1318 3822 incarceratos

191 3868 319 3944 argento
337 3882 352 3924 a
368 3865 507 3927 militibus
524 3869 667 3926 emerunt.
714 3861 831 3943 Optime
848 3879 923 3943 ergo
939 3860 1132 3924 Peorsonins
1146 3858 1177 3944 ⁵)
1198 3863 1318 3924 scribit:

190 3965 277 4030 Boeo
301 3985 369 4028 cunr
389 3967 488 4045 fuerit
503 3968 714 4031 cetustieeinre
729 3969 882 4030 ecelesiae
898 3969 1102 4044 consuetodo,
1126 3969 1207 4029 idem
1227 3969 1319 4030 eliam

190 4072 224 4133 in
239 4070 358 4152 Ipnotii
372 4073 508 4136 vinculis
523 4073 642 4152 seclum
658 4082 789 4135 constet.
812 4107 854 4116 -
875 4105 917 4116 —
941 4072 1089 4135 Omnibus
1108 4072 1203 4152 ipilrer
1220 4074 1320 4135 modic

190 4175 330 4240 Diaconi
351 4177 468 4261 aliique
490 4177 531 4238 ob
547 4177 699 4239 Eccleeiis
713 4177 802 4240 mirsi
818 4174 943 4257 Ipnolio
967 4178 1001 4237 in
1024 4178 1134 4238 itinere
1156 4178 1319 4240 ministra-

191 4280 276 4356 bont,
302 4281 444 4360 adeoque
467 4300 535 4343 enm
558 4281 821 4344 evocationibus
845 4282 984 4357 rnilitum,
1009 4288 1158 4360 quonium
1183 4281 1216 4341 in
1240 4280 1318 4359 ipris

192 4392 272 4462 erql,
294 4386 448 4463 praemiis
462 4384 664 4448 redimebant.
702 4385 784 4448 Henc
800 4396 902 4449 aulem
917 4394 999 4448 recle
1015 4386 1212 4466 inlellipilnr,
1234 4386 1319 4466 quod
1408 4448 1415 4464 ,

226 4592 255 4655 1)
285 4590 457 4660 Betrachtang
495 4591 542 4643 der
580 4592 740 4661 wichtigsten
803 4595 832 4654 2)
851 4595 1027 4648 hdelerriiecle
1045 4592 1071 4643 in
1090 4590 1154 4643 libro
1170 4589 1224 4656 jari
1241 4605 1318 4659 supra

191 4675 331 4729 Bedenhen
359 4694 443 4746 pegen
470 4679 512 4730 die
531 4679 668 4730 Aechtheil
695 4679 741 4731 der
768 4680 879 4733 laudato.

191 4762 397 4832 ignatianirchen
415 4762 512 4818 Briele.
544 4766 600 4817 lion
620 4766 661 4817 Dr.
677 4769 739 4820 Joh-
803 4768 832 4834 3)
851 4767 1023 4831 inmodicae,
1047 4764 1192 4818 Zeitechrih
1218 4762 1318 4816 1111111-

192 4851 243 4904 Ed.
269 4852 388 4914 Heriem,
415 4852 440 4901 in
467 4854 570 4921 lllyerrr'r'
597 4851 742 4903 Zeitrchrih
767 4863 828 4907 ntor.
848 4853 936 4906 Theoi.
958 4852 1032 4904 1811.
1053 4853 1149 4919 p02li
1169 4868 1223 4920 sqq.

194 4934 234 4986 lllr
257 4934 347 4988 histor.
372 4934 459 4989 'lbeoh
488 4935 516 4991 Τ.
534 4937 576 4990 111.
603 4936 676 4992 Fere.
698 4939 738 4993 lv.
803 4931 834 5008 ll)
852 4938 982 5006 herbipoli
1003 4938 1076 4990 mse.
1096 4938 1127 4989 h.
1146 4938 1258 4991 lo-rs.

195 5020 335 5090 pa-rs.
803 5025 831 5089 5)
851 5025 981 5078 vindiciae
988 5024 1134 5097 ignasiam
1141 5024 1202 5078 Pera
1209 5024 1239 5079 11.
1248 5025 1316 5079 cdl.
