3067 6450
203 1191 302 1246 xxxiv
639 1184 894 1242 rnouroouron
1132 1185 1333 1258 [susumus

312 1354 404 1416 satem
423 1353 484 1433 jam
509 1347 685 1424 cecidisset,
717 1348 802 1429 cujus
825 1345 914 1410 iataie
941 1346 1089 1408 excidium
1116 1346 1184 1410 soio
1207 1347 1281 1409 zoio
1304 1353 1332 1410 et

315 1457 438 1519 internis
460 1454 534 1516 rixis
557 1453 753 1514 acceleratum
779 1451 891 1527 iuerat,
923 1450 1060 1513 Clemens
1089 1450 1160 1514 iiiud
1185 1453 1331 1515 moestis·

314 1561 419 1623 situum
450 1557 617 1639 exemptum
648 1562 731 1617 certo
761 1573 821 1617 non
853 1555 1021 1633 omisisset,
1053 1557 1229 1636 praesertim
1263 1559 1331 1637 quia

313 1667 458 1729 Dominus
474 1671 531 1725 tarn
547 1661 830 1726 iucuientercuncta
844 1659 1044 1740 praedixerat.
1068 1658 1128 1721 Cir.
1150 1659 1330 1723 ii'indisch-

314 1789 420 1846 muno,
445 1769 596 1831 vindiciae
619 1766 755 1828 Pctrinae
779 1784 806 1846 p.
830 1762 881 1827 st.

253 1870 291 1957 e)
315 1876 393 1936 Ante
415 1873 574 1936 Domitiani
597 1878 749 1950 tempora,
773 1877 803 1931 et
826 1868 914 1948 paulo
938 1874 1006 1948 post
1027 1867 1156 1930 Neronis
1180 1887 1331 1949 persecu-

201 2004 208 2017 ·
315 1978 423 2040 tionem
437 1977 591 2062 epistolam
605 1978 735 2036 nostram
748 1973 886 2054 scriptam
900 1991 978 2048 esse,
991 1972 1097 2034 suadet
1108 1971 1202 2036 cuitus
1213 1975 1332 2039 dudeici

313 2084 434 2159 mentio,
450 2081 478 2143 in
495 2081 603 2162 tempto
617 2078 884 2160 hierosolymitano
897 2082 966 2137 tunc
977 2077 1073 2138 adhuc
1084 2083 1181 2140 stante
1192 2080 1332 2160 vigentis.

314 2184 403 2267 Gepp.
427 2183 470 2247 40
493 2193 522 2246 et
545 2185 597 2247 41.
641 2183 687 2244 nd
712 2183 915 2246 enervandum
934 2183 992 2245 hoc
1010 2190 1216 2265 argumentum
1231 2185 1332 2247 Lard·

316 2308 407 2352 uerus
438 2294 467 2349 et
497 2288 546 2349 aiii
577 2287 744 2367 exeropium
767 2287 860 2350 Fiouii
882 2287 1006 2367 iosephi
1038 2286 1250 2368 proferebant,
1282 2291 1332 2370 qui

312 2390 347 2454 h.
371 2390 412 2456 93
436 2411 464 2473 p.
489 2391 541 2454 Ch.
564 2410 592 2453 n.
618 2391 833 2454 desacrihciis
857 2411 915 2454 non
940 2393 1026 2454 alitor
1049 2392 1219 2473 disputavit,
1247 2413 1285 2456 ac
1308 2397 1332 2457 si

313 2498 451 2578 tempium
475 2480 571 2559 adhuc
593 2498 756 2559 exstitisset
774 2495 810 2577 ¹).
850 2496 908 2560 Sed
930 2515 981 2558 res
1000 2504 1135 2577 utraque,
1158 2495 1286 2577 Josephi
1304 2507 1332 2561 et

315 2600 604 2684 Cieorontis,10nge
628 2589 777 2663 dissimilis
800 2608 854 2662 est.
899 2601 1068 2683 Josephus‚
1100 2620 1205 2663 sacros
1229 2604 1331 2684 popuii

314 2707 360 2768 sui
377 2708 452 2768 ritus
469 2707 653 2783 describens,
677 2725 731 2787 per
748 2705 882 2788 tigurino,
907 2707 1055 2769 historicis
1071 2723 1129 2767 non
1153 2708 1330 2785 inusitatam,

314 2812 476 2892 praesenti,
499 2810 578 2890 qrrod
604 2811 736 2887 dicimus,
761 2811 902 2872 historico
926 2813 1022 2873 utitur.
1067 2811 1204 2873 Clemens
1222 2822 1331 2890 autem,

315 2923 346 2978 ut
369 2914 540 2976 Corinthios
564 2915 601 2975 ad
626 2915 760 2977 ordinem
784 2915 962 2978 servandum
993 2915 1136 2991 adducat,
1166 2916 1331 2978 tectoribus

315 3021 450 3081 ordinem
472 3017 586 3080 Judaici
610 3021 705 3080 cuitus
729 3026 798 3081 ante
822 3021 927 3082 ocutos
958 3023 1048 3101 ponit.
1094 3021 1209 3094 Quodsi
1232 3029 1331 3083 autem

314 3124 452 3204 tempium
464 3125 526 3204 jam
544 3122 647 3186 inisset
664 3124 855 3201 destructum,
880 3131 938 3185 tota
956 3126 984 3186 S.
1001 3125 1094 3186 Patris
1109 3128 1330 3206 urguruentatio

314 3227 419 3290 ferisset
442 3228 564 3306 intimus,
589 3231 712 3310 ipsaque
728 3230 917 3292 adversarios
938 3232 1099 3306 invitasset,
1123 3238 1154 3292 ut
1176 3231 1330 3294 dicerent:

253 3408 258 3418 ·
313 3350 362 3408 eo,
386 3335 547 3395 eversione
563 3335 662 3413 tempii
679 3333 938 3413 Hierosolymitaoi
957 3335 1036 3396 Deus
1054 3336 1118 3415 ipse
1134 3341 1257 3398 testatus
1276 3344 1332 3416 est,

313 3438 400 3500 talem
424 3438 557 3500 ordinem
581 3439 636 3499 sibi
661 3457 719 3499 non
744 3457 815 3500 esse
838 3446 1016 3519 exoptatum.

290 3542 336 3606 Ex
359 3544 403 3605 his
420 3544 598 3621 coiiipinms,
622 3545 775 3625 epistotam
793 3552 922 3606 nostrum
939 3544 1096 3605 desinente
1110 3543 1239 3607 Neronis
1256 3565 1331 3628 per-

172 3655 177 3664 ·
204 3646 362 3707 secutione
392 3653 421 3706 et
451 3655 519 3709 erite
551 3649 697 3709 excidium
731 3649 959 3730 hierosolymae
989 3648 1044 3729 (h.
1068 3646 1230 3732 68-70)
1261 3671 1333 3715 esse

204 3749 354 3827 scriptino,
378 3748 407 3810 S.
432 3749 614 3811 Cicurentem
638 3758 734 3812 arction
759 3752 813 3830 ipsi
839 3752 868 3812 S.
891 3752 979 3813 Petro
1002 3754 1196 3814 successisse.

195 3863 198 3868 ·
279 3849 376 3942 ‘Quae
399 3850 581 3912 aCoteterio
605 3847 729 3933 aliisquo
753 3856 942 3936 objiciuntur,
967 3856 1073 3917 nohius
1089 3865 1154 3918 sont
1178 3858 1333 3939 ponderis.

204 3952 276 4016 lode
299 3956 394 4030 enirn,
418 3955 498 4034 qood
523 3954 660 4018 Cternens
684 3975 708 4018 c.
733 3956 784 4020 ui.
810 3958 937 4036 referat,
964 3962 1086 4039 priunum
1110 3948 1333 4026 Corinthiorum

205 4057 423 4120 dissensionem
446 4053 479 4121 ἐν
501 4048 581 4144 ἀρχῇ
603 4059 661 4121 τοῦ
681 4055 860 4143 εὐαγγελίου
885 4068 1041 4127 excitatam
1073 4082 1159 4139 esso,
1192 4068 1334 4131 conciudi

205 4180 266 4226 non
290 4168 404 4243 potest,
437 4162 556 4244 longius
580 4168 721 4245 temporis
745 4171 871 4249 spatium
894 4171 930 4228 ah
955 4169 1001 4229 itte
1026 4170 1117 4249 prima
1142 4170 1335 4235 dissensione

205 4285 276 4330 esse
299 4267 540 4347 praeterlapsum.
586 4268 718 4350 Nanmue
742 4272 771 4334 S.
796 4272 1059 4353 «perciperemus,
1083 4292 1190 4334 norem
1213 4276 1336 4340 circiter

203 4373 291 4436 annis
307 4377 374 4452 posi
391 4371 538 4434 inundatum
556 4375 713 4436 ecetesiam
729 4375 955 4458 Philippensem,
980 4378 1007 4437 in
1025 4376 1149 4457 epistole
1166 4378 1202 4439 ad
1217 4377 1335 4459 Phdip·

203 4493 316 4559 penses
331 4475 379 4553 Ν,
398 4475 445 4538 15.
463 4476 501 4539 de
517 4471 596 4561 ἀρχῇ
611 4477 669 4539 τοῦ
683 4472 865 4563 εὐαγγελίου
889 4482 1029 4562 loquitur,
1053 4483 1170 4543 minime
1194 4483 1334 4562 thoricos,

204 4581 364 4645 ecclesiam
388 4581 606 4663 Philippensem
629 4593 698 4647 ante
721 4587 830 4647 muitos
848 4587 910 4666 jam
938 4603 1033 4647 aonos
1058 4604 1128 4647 esse
1151 4584 1311 4647 inodahrm.

292 4683 357 4746 Nec
379 4683 408 4745 id
432 4702 487 4747 nos
509 4693 618 4763 movet,
642 4689 721 4768 quod
739 4690 767 4753 S.
786 4689 923 4752 Cierrreos
939 4708 963 4752 c.
981 4687 1031 4752 ua.
1048 4690 1206 4750 ecetesiam
1221 4689 1335 4752 Corin-

200 4786 333 4854 thiorum
355 4782 488 4873 ἀρχαίαν
509 4790 712 4872 appellaverit.
756 4782 887 4878 ’Appula
908 4793 987 4856 enim
1016 4794 1161 4870 ecclesia,
1195 4800 1227 4854 ut
1253 4794 1336 4856 bene

241 5014 271 5085 ι)
288 5013 410 5087 haupts
428 5010 470 5067 uu
490 5030 513 5066 e.
534 5013 574 5067 m.
