3067 6450
185 1189 250 1254 358
387 1184 526 1238 HERMAE
545 1183 680 1238 PASTOR.
716 1183 811 1237 LIBER
831 1183 861 1237 ΙΙ.
878 1183 1046 1248 ‚sanant
1065 1185 1110 1240 Vi.

80 1430 83 1435 Ι
186 1343 235 1421 είς
256 1342 311 1432 τήν
332 1340 464 1432 καρδίαν
485 1354 544 1406 σου
559 1333 667 1431 αναβῇ,
690 1339 736 1427 γί-
765 1353 840 1425 tate,
864 1346 901 1409 de
925 1348 1029 1424 venia,
1054 1345 1092 1409 de
1118 1346 1265 1413 charitate
1287 1358 1312 1414 et

185 1470 291 1527 νωσκε,
310 1439 602 1534 ὅτιὸίίγγελοςτῆς
615 1447 736 1512 δικαιο-
764 1450 802 1512 de
824 1453 942 1532 pietate.
989 1451 1072 1513 Haec
1104 1454 1207 1516 omnia
1231 1474 1312 1536 quun

186 1554 281 1641 σύνης
302 1536 383 1635 μετα
404 1555 466 1618 σοῦ
485 1550 585 1618 ἐστιν·
612 1544 736 1635 Ιτούτῳ
764 1554 956 1617 ascenderint
979 1556 1008 1617 in
1031 1573 1087 1617 cor
1111 1562 1205 1637 tuum,
1233 1561 1312 1638 scita,

187 1646 243 1723 οὖν
257 1654 388 1724 πίστευε
404 1656 457 1722 καί
472 1662 543 1732 τοῖς
558 1652 663 1743 ἔργοις
677 1647 734 1720 αδ·
763 1657 843 1739 quod
854 1656 966 1722 Genius
976 1662 1137 1742 aequitatis
1146 1669 1247 1725 tecum
1256 1672 1298 1726 est
1303 1684 1312 1740 ;

186 1763 253 1841 τοῦ,
275 1759 327 1828 καί
350 1760 499 1849 ἐγκρατής
521 1759 619 1826 αὐτοῦ
638 1767 736 1846 γενοῦ.
766 1761 859 1825 ¹huic
871 1782 946 1848 ergo
956 1764 1051 1828 Genio
1064 1766 1161 1829 crede
1174 1774 1204 1830 et
1217 1770 1313 1849 operi-

190 1862 269 1955 Ὅρα
291 1861 348 1934 οὖν
372 1867 509 1933 καὶτοῦ
530 1861 662 1953 ολγγὲλοιι
683 1872 737 1951 τῆς
764 1867 820 1931 bus
844 1870 918 1950 ejus.
957 1867 1071 1951 Accipe
1088 1890 1174 1934 nunc
1191 1878 1221 1934 et
1237 1872 1314 1936 Genii

188 1970 343 2060 πονηρίας
356 1967 398 2036 τοὶ
409 1969 486 2060 ἔργα
494 1995 508 2036 ·.
516 1972 645 2058 πρῶτον
654 1961 735 2035 ποίν-
764 1972 925 2052 iniquitatis
945 1990 1046 2054 opera.
1087 1977 1223 2039 Primum
1238 1995 1313 2039 ama·

189 2097 250 2139 των
280 2068 429 2158 ὀξύχολος
458 2075 526 2142 ἐστι
552 2073 737 2169 saiwands
764 2094 835 2156 rus,
866 2077 1024 2141 iracundus
1049 2086 1080 2141 et
1102 2080 1237 2145 stolidus
1258 2087 1313 2157 cst3

189 2177 241 2244 καί
264 2179 384 2268 ἄφρων,
409 2177 459 2246 καί
483 2180 524 2246 ταί
546 2175 623 2269 ἔργα
639 2174 738 2244 αὐτοῦ
765 2187 796 2242 et
825 2199 917 2262 opera
941 2182 1017 2245 itlius
1041 2185 1220 2265 perniciosa
1244 2193 1313 2265 suat,

190 2277 314 2371 πονηρὰ
356 2284 617 2375 καταστρέφοντα
658 2281 737 2360 τούς
766 2291 795 2347 et
818 2294 956 2350 evertunt
979 2305 1088 2351 servos
1117 2289 1184 2353 Dei.
1226 2291 1314 2365 Ouum

190 2385 324 2463 δούλοις
336 2397 394 2455 τοῦ
410 2391 501 2455 Θεοῦ.
533 2384 626 2455 Ὅταν
641 2383 739 2464 αὐτὸς
765 2408 841 2473 crgo
872 2392 902 2453 in
929 2410 983 2455 cor
1011 2398 1093 2454 tuurn
1126 2395 1313 2458 ascenderint

191 2491 246 2559 ἐπὶ
282 2490 338 2580 τήν
369 2494 500 2583 καρδίαν
534 2515 592 2560 σοιν
627 2489 738 2579 α’ναβῇ,
764 2493 850 2573 haec,
867 2496 1015 2579 intelliges
1032 2498 1069 2559 ab
1084 2500 1233 2578 operibus
1246 2502 1313 2582 ejus,

191 2600 291 2682 γνῶθι
307 2589 402 2663 αὐτόν
418 2597 473 2665 ἐπί
489 2600 553 2664 τῶν
569 2593 666 2687 ἔργων
682 2595 737 2662 αὐ·
765 2599 844 2662 hunc
874 2619 943 2664 esse
967 2599 1090 2664 Genium
1125 2604 1312 2685 iniquitatis.“

191 2702 257 2765 τοῦ.
283 2739 321 2750 -
347 2704 425 2776 Πῶς
450 2696 537 2791 κύριε
560 2697 662 2791 νοήσω
684 2700 739 2767 αδ-
765 2703 802 2766 Et
825 2704 886 2767 dixi
909 2707 953 2768 ei:
979 2708 1166 2787 „qu0m0d0,
1190 2708 1312 2788 domine,

193 2802 267 2885 τόν,
290 2843 331 2852 -
354 2804 467 2891 Λέγει·
499 2800 594 2871 ἄκοντε
624 2807 738 2873 λεπτο·
765 2808 972 2892 intelligam?“
999 2811 1130 2890 „nudi,“
1149 2815 1252 2894 inquit,
1269 2822 1312 2893 „et

193 2909 297 2996 μερῶς
328 2908 379 2974 καί
414 2906 606 2999 [προσεχὴς]
636 2910 739 2997 γίνου·
766 2914 910 2995 intellige.
957 2916 1053 2989 Quum
1080 2916 1239 2982 iracundia
1268 2920 1312 2981 tihi

195 3007 271 3079 ὅταν
287 3005 437 3096 σ’ξνχολία
452 3015 505 3081 σοί
515 3040 564 3093 τις
573 3013 741 3105 προσέλθῃ
766 3019 946 3099 accesserit,
975 3025 1025 3082 cut
1048 3022 1237 3103 amaritudo,
1267 3025 1311 3086 in-

194 3111 213 3205 ἢ
235 3117 360 3208 πικρία,
388 3117 531 3205 γίνωσκε,
563 3114 613 3185 ὅτι
645 3117 741 3196 αι’πός
767 3123 878 3205 tellige‚
902 3143 969 3186 eum
993 3125 1022 3187 in
1046 3131 1076 3186 te
1092 3143 1166 3189 esse
1178 3149 1187 3203 3
1212 3127 1312 3191 deinde

195 3221 281 3291 ἐστιν
302 3224 334 3291 ἐν
355 3224 425 3291 σοί·
448 3215 517 3291 εἶτα
536 3220 651 3291 λοιπόν
667 3222 739 3291 ἐπι·
767 3228 910 3308 cupiditas
941 3229 1097 3292 multorum
1129 3250 1257 3315 opernm
1285 3242 1312 3296 at

193 3326 309 3412 θυμίαι
337 3325 487 3418 πράξεων
514 3330 658 3409 πολλῶν,
689 3328 740 3394 καί
767 3332 944 3412 optimorum
970 3333 1104 3396 ciborum
1130 3343 1162 3399 et
1184 3337 1309 3401 ebrieta-

193 3430 381 3499 πολιτὲλεια
396 3426 740 3522 ἕδεσμοὶτωνκαίκραι-
767 3442 846 3514 tum,
880 3443 909 3499 et
931 3440 1099 3519 appetentia
1132 3437 1309 3504 2σιιιίῑιινσι

194 3538 302 3603 παλῶν
330 3538 473 3617 πολλῶν,
505 3540 558 3604 καὶ
586 3539 740 3605 ποικίλων
766 3558 868 3602 rerum
884 3541 1054 3622 alienarum,
1078 3549 1108 3605 et
1129 3547 1309 3627 superbiact

192 3643 339 3731 τροφῶν,
370 3630 423 3707 καὶ
446 3637 658 3722 addecimare,
688 3643 741 3709 καί
766 3643 948 3725 multiloquia
971 3654 1000 3709 et
1016 3648 1147 3726 ambitio,
1172 3658 1203 3712 et
1219 3668 1309 3731 quae·

192 3742 366 3827 ἐπιθνμίαι
382 3747 562 3831 2γυναικῶν,
577 3748 631 3814 καί
645 3750 739 3815 ’πλεο-
767 3766 895 3828 cumque
920 3749 956 3811 iis
978 3751 1082 3814 similia
1106 3760 1188 3816 sunt
1237 3754 1310 3816 Haec

191 3846 297 3929 νεξίαι,
320 3842 520 3938 ὑπερηφανία
540 3876 576 3918 τε
598 3852 649 3918 καί
664 3852 740 3919 α’λα-
766 3870 841 3935 erga
865 3871 954 3934 quum
977 3855 1007 3917 in
1030 3865 1188 3922 cortuum
1205 3876 1308 3922 ascea-

192 3950 302 4031 ζονείοι,
325 3951 376 4016 καί
400 3948 462 4018 ὅσα
483 3949 612 4032 τούτοις
633 3981 739 4046 παρα-
766 3956 872 4036 derint,
894 3957 1037 4042 intellige,
1059 3961 1188 4027 Genium
1205 3964 1308 4045 iniqui·

191 4047 321 4141 πλήσια.
371 4063 478 4121 Ταῦτα
509 4054 563 4124 οὖν
587 4055 662 4126 ὅταν
684 4059 739 4126 ἐπὶ
766 4060 831 4122 tatis
871 4068 967 4124 tecum
1006 4081 1085 4128 esse.
1157 4068 1202 4131 Tu
1240 4084 1309 4151 erga

190 4156 245 4244 τήν
259 4157 391 4247 καρδίαν
406 4163 467 4229 σοῦ
479 4159 589 4253 α’ναβῇ,
604 4162 739 4250 γίνωσκε,
766 4182 856 4244 quum
886 4170 1068 4249 cognoveris
1099 4188 1195 4251 opera
1229 4172 1309 4247 iilius,

191 4260 242 4327 ὅτι
265 4256 395 4348 ίίγγελος
412 4270 469 4354 τῆς
485 4268 641 4357 πονηρίας
656 4268 739 4337 ἐστίν
765 4269 876 4332 recede
899 4272 935 4333 ab
951 4272 1007 4351 iilis
1023 4275 1175 4353 omnibus,
1199 4282 1229 4337 et
1245 4274 1310 4339 nihii

190 4363 221 4433 ἐν
254 4365 314 4433 σοί.
359 4365 404 4433 Ed
434 4362 489 4437 οὖν
518 4372 668 4460 ἐπιγνούς
697 4369 739 4441 τῶ
765 4372 806 4434 itti
824 4373 933 4451 crede;
957 4380 1024 4457 quia
1040 4379 1116 4441 mala
1133 4386 1205 4443 sunt
1225 4396 1309 4460 opera

190 4464 267 4559 ἔργα
282 4463 392 4552 αὐτοῦ,
413 4469 542 4542 ῶπόστα
558 4471 615 4543 ἀπ’
629 4475 737 4556 αὐτοῦ,
764 4476 852 4557 iltius,
876 4485 906 4541 et
928 4499 989 4542 non
1011 4485 1198 4547 conveniunt
1226 4498 1310 4547 servo

228 4663 254 4729 1)
275 4662 408 4718 Cassianus
426 4666 484 4718 hinc
502 4667 622 4733 conjecit,
641 4670 665 4720 in
680 4673 738 4724 ιοίο
765 4668 817 4721 bet.
854 4667 910 4719 Non
931 4668 1003 4734 jure,
1027 4676 1056 4719 nt
1074 4668 1198 4722 Noutrinr
1221 4670 1307 4732 doerit,

190 4748 297 4802 hominis
315 4753 620 4823 arbitrioenopositum‚
640 4757 738 4807 cuinam
766 4757 860 4823 Appar.
880 4770 905 4821 p.
928 4754 983 4805 114.
1020 4752 1072 4807 cn.
1092 4772 1171 4825 cupra
1189 4757 1239 4810 Vis
1253 4756 1274 4820 1,
1285 4754 1306 4805 3.

92 4874 98 4884 .
190 4834 271 4887 Genio
292 4837 354 4889 velit
372 4840 487 4892 obedire.
526 4839 658 4910 Uinius),
679 4841 694 4892 Ι.
714 4858 738 4894 e.
765 4851 790 4909 p.
810 4841 870 4893 325.
889 4849 942 4893 noe
961 4840 986 4892 ⁷.

190 4937 215 4987 p.
232 4921 278 4971 171
300 4932 325 4974 at
343 4928 512 4995 διισίικιιινιιι,
531 4943 557 4994 p.
571 4926 612 4979 78.
640 4928 738 4995 ittigius
799 4929 828 4992 2)
847 4927 943 4980 Graeca
962 4926 1098 4995 tegendum
1110 4930 1234 4983 suadent:
1251 4946 1303 4982 ιιι·

190 5004 319 5060 Pastorem
332 5008 510 5080 Patagienismi
528 5021 670 5082 suspectum
689 5012 737 5065 ha·
763 5017 861 5069 tima
879 5024 903 5069 ot
919 5031 1020 5069 rm.
1049 5017 1146 5070 (δοται.
