3067 6450
534 1176 900 1265 monumemtum.
927 1185 993 1241 xtt.
1283 1189 1326 1256 43

200 1345 377 1411 niunden
406 1364 511 1411 rursus
535 1348 589 1410 ait:
626 1346 738 1423 ἐσσε,
770 1348 823 1426 qui
846 1347 1070 1411 destruxerunt
1091 1350 1234 1428 tempium
1256 1350 1326 1426 troc,

201 1453 262 1531 ipsi
286 1452 369 1514 uem
390 1451 609 1531 aedificabunt.
648 1448 765 1532 ²idque
787 1451 894 1513 euenit
932 1451 1005 1513 Nom
1029 1453 1097 1532 quio
1119 1453 1227 1517 boilum
1250 1471 1327 1536 ges-

200 1563 315 1635 serunt,
339 1557 375 1618 ub
392 1556 526 1619 hostibus
541 1554 723 1617 destructum
739 1563 784 1617 cst
802 1555 956 1636 tcmptnm;
979 1564 1105 1618 nuncet
1122 1559 1177 1638 ipsi
1200 1558 1325 1621 hostium

199 1661 325 1724 ministri
347 1659 538 1722 reuediircont
561 1660 639 1724 iliud.
684 1660 810 1736 iterum,
847 1659 926 1740 quod
953 1659 1093 1721 trudendo
1118 1666 1198 1722 esset
1222 1662 1326 1722 civitus

199 1784 258 1837 uno
282 1784 349 1827 cum
374 1765 481 1847 tempto
505 1770 622 1826 etcum
646 1763 758 1846 populo
779 1763 958 1842 israelitico,
982 1771 1029 1826 ost
1047 1764 1234 1827 deciaratum.
1277 1767 1327 1827 dit
1385 1791 1398 1814 ·

199 1870 311 1952 quippe
333 1871 493 1952 scripturo:
517 1865 571 1931 ἐἰ
590 1869 650 1931 crit
669 1868 702 1930 in
717 1869 897 1931 novissimis
913 1869 1034 1944 diebus,
1055 1870 1158 1930 tradet
1175 1869 1326 1932 Dominus

200 1993 274 2039 coeo
292 1975 407 2052 pascui
429 1982 460 2036 ct
479 1974 561 2036 coito
584 1981 614 2035 ct
633 1973 745 2034 turrim
767 1991 872 2035 corum
892 1973 924 2033 in
943 1974 1080 2036 esitium.
1127 1974 1225 2053 Atque
1248 1990 1326 2035 con-

200 2080 281 2162 tigit,
313 2078 561 2160 quemadmodum
587 2078 705 2141 locutus
728 2083 775 2139 cst
798 2077 952 2139 Dominus.
999 2077 1183 2152 Quaeramus
1217 2079 1325 2156 itaquo,

200 2179 266 2247 ‘on
291 2189 392 2245 exstet
412 2183 509 2245 odhuc
533 2182 672 2263 tcmptum
694 2181 758 2243 Dei.
804 2181 928 2259 Existit,
963 2182 1012 2244 nbi
1042 2183 1169 2262 ipsemet
1199 2200 1232 2242 sc
1257 2181 1326 2243 ittud

200 2288 302 2351 iecere
324 2305 360 2349 uc
382 2288 527 2370 perficere
551 2293 683 2350 testetur.
723 2286 869 2366 Scriptum
892 2287 969 2349 onim
993 2293 1055 2348 est:
1080 2283 1133 2348 ⁵ct
1155 2286 1226 2362 erit,
1250 2284 1325 2346 tet·
1445 2340 1455 2349 .

201 2393 338 2455 domoda
362 2393 527 2470 corrpietu,
552 2390 773 2471 aedificabitur
795 2387 1013 2470 “mupnifioum
1038 2391 1180 2469 tempium
1196 2390 1267 2465 Dei,
1293 2391 1325 2450 in
1354 2432 1361 2445 ,

200 2499 323 2561 nominc
346 2496 483 2561 Domini.
528 2495 652 2558 invenio
678 2496 787 2579 igitur,
822 2494 903 2575 quod
936 2495 1073 2575 temptum
1106 2494 1213 2556 existit.
1261 2492 1325 2567 Onu

200 2603 316 2665 rutione
334 2619 410 2684 ergo
429 2598 631 2664 ucdiiiooiritur
650 2602 678 2663 in
696 2601 816 2663 nomine
833 2600 960 2678 Domini,
983 2600 1096 2663 discite.
1135 2593 1324 2680 'Antequam

201 2704 264 2770 Dec
287 2704 496 2783 crederemus,
527 2711 591 2768 erut
613 2705 713 2768 cordis
735 2705 830 2768 nostri
856 2705 1034 2767 domicilium
1058 2703 1241 2783 corruptioni
1265 2703 1324 2765 ob-

200 2811 322 2875 noxium
343 2817 373 2873 et
387 2809 541 2888 imbecille,
565 2808 737 2872 admodum
759 2809 858 2891 tempti
880 2827 952 2871 rere
969 2827 1022 2890 por
1042 2826 1145 2870 munus
1165 2806 1324 2882 undifluum

200 2914 319 2997 pienum
341 2913 485 2995 siquidem
507 2920 573 2977 erut
593 2913 742 2976 idolorum
765 2914 864 2989 cuttu,
896 2907 955 2975 ⁸et
979 2920 1043 2974 erut
1066 2912 1172 2977 domus
1198 2910 1324 2971 durumn-

200 3038 277 3096 num,
296 3020 364 3101 quio
381 3017 514 3097 fecimus,
530 3035 736 3098 quoecumque
752 3018 818 3081 Deo
834 3019 983 3080 contruria
999 3024 1076 3079 suut.
1114 3015 1324 3078 Auditicuiritur

201 3129 307 3200 nutem,
326 3123 477 3200 attendite,
499 3123 527 3183 in
544 3121 663 3184 nomine
678 3120 806 3198 Domini,
831 3130 861 3183 ut
883 3122 1022 3202 templum
1039 3120 1155 3183 Domini
1179 3113 1323 3197 ⁹mugni-

199 3228 254 3289 icc
277 3226 458 3289 aedificetur.
504 3225 687 3300 Quomodo?
725 3226 845 3288 Discite.
892 3228 1022 3307 Accepto
1047 3226 1223 3285 comissione
1247 3239 1323 3301 poc·

200 3338 332 3393 uotorum
352 3337 381 3391 et
400 3349 453 3411 spo
472 3329 568 3392 trubitn
588 3331 616 3391 in
636 3347 745 3393 nomen
763 3331 889 3407 Domini,
911 3327 979 3390 iucti
996 3346 1097 3389 sumus
1114 3329 1193 3400 rrovi,
1219 3328 1323 3386 iturum

193 3428 235 3496 'ub
250 3435 371 3516 integro
387 3434 487 3495 creati.
520 3432 592 3496 tuno
608 3433 635 3493 in
654 3436 750 3512 nobis,
770 3436 798 3496 in
817 3433 966 3495 domicilio
983 3439 1098 3510 nostro,
1117 3450 1189 3493 vere
1207 3431 1286 3492 Dous
1301 3424 1325 3465 ¹⁰

198 3538 315 3601 motin
361 3537 566 3613 Quomodo?
607 3539 735 3602 Verbum
760 3540 825 3619 ejus
849 3536 936 3614 idei,
959 3537 1077 3599 vocatio
1101 3538 1167 3617 ejus
1191 3534 1323 3615 promis·

198 3643 311 3720 sionis,
334 3644 477 3724 supientia
500 3642 720 3721 mundatorum,
745 3649 904 3725 praecepio
929 3640 1097 3718 doctrinnc,
1122 3641 1181 3702 imo
1207 3639 1322 3720 ipsein

197 3747 285 3809 nobis
315 3745 489 3827 propinet,
519 3748 582 3829 ipsc
604 3749 633 3810 in
663 3748 749 3811 nobis
778 3746 935 3823 inhabitut;
966 3746 1053 3807 morti
1083 3742 1206 3806 addictis
1238 3744 1322 3805 nobis

198 3849 303 3930 rperiit
327 3847 408 3911 iores
431 3852 540 3934 tcmpti,
563 3853 580 3913 i.
597 3872 623 3915 c.
653 3851 730 3931 ¹¹08,
754 3850 834 3914 dedit
857 3851 943 3913 nobis
966 3850 1192 3932 poenitentium,
1216 3848 1323 3927 sicque

198 3950 362 4015 introduxit
384 3971 440 4016 nos
462 3955 490 4017 in
519 3952 543 3992 ¹²
557 3957 713 4039 tempium,
735 3955 815 4037 quod
840 3953 951 4017 dcsnni
974 3972 1032 4016 nou
1057 3959 1162 4035 potest.
1210 3952 1322 4027 Ouum,

199 4058 247 4137 qui
272 4059 353 4139 cupit
376 4075 445 4120 csso
467 4058 576 4137 solvus,
599 4079 659 4123 non
684 4063 712 4124 in
738 4058 764 4098 ¹³
782 4060 929 4122 hominem
953 4058 1092 4140 respicit,
1114 4057 1167 4118 sed
1192 4058 1220 4118 in
1245 4077 1322 4134 curn,

199 4161 300 4240 quiin
325 4160 444 4223 homino
467 4163 592 4242 habitat,
616 4173 703 4246 utque
732 4162 753 4201 ¹⁴
766 4166 795 4227 in
819 4182 856 4226 eo
881 4163 1027 4243 innuitur3
1051 4161 1217 4239 odmiruns,
1241 4161 1320 4241 quod

230 4399 261 4463 8)
288 4401 338 4449 Koi
368 4417 400 4453 ex
427 4405 506 4457 thm.
534 4408 610 4460 Alex.
639 4415 665 4458 et
691 4416 743 4458 vet.
756 4404 761 4502 J
774 4404 831 4469 ἢαῖν
849 4409 975 4455 κποικεῐν.
1007 4401 1057 4454 Cir.
1074 4404 1181 4470 nostor,
1202 4401 1321 4453 Athones.

198 4486 288 4553 interp.
310 4490 425 4539 restituo.
456 4487 483 4541 in
503 4489 547 4542 dir.
569 4502 626 4559 post
644 4490 745 4542 siduno-
773 4492 800 4544 Τ.
820 4492 838 4544 Ι.
858 4509 883 4559 p.
908 4489 945 4541 te.

196 4572 300 4634 torpedo
318 4574 463 4626 nbundout:
483 4575 545 4632 cino,-
560 4576 745 4640 eirinioiurpn'n.
795 4579 838 4646 11)
859 4579 897 4628 nd
916 4577 1111 4629 annuntiandum
1137 4576 1242 4643 glorium
1263 4575 1320 4626 Dei.

232 4660 260 4723 9)
281 4659 317 4712 itu
335 4664 414 4715 cim
429 4666 502 4718 Atos.
523 4672 549 4715 ct
568 4673 618 4716 vot.
639 4668 745 4733 inturp,;
795 4666 840 4732 tt)
859 4663 877 4716 Ι.
892 4680 915 4715 c.
935 4680 985 4716 noc
998 4666 1079 4734 ipsos
1092 4666 1176 4733 effecit
1189 4666 1239 4713 tute
1252 4672 1320 4713 torn-

199 4743 241 4797 ΙΙ.
259 4744 363 4805 ἔνδοξος.
773 4755 854 4821 plum,

217 4832 261 4896 to)
276 4831 305 4884 Ὀ
325 4831 382 4889 θιός
399 4836 416 4885 i.
437 4850 461 4886 o.
482 4835 596 4897 Xpacrc'c,
617 4836 663 4889 cir.
682 4853 747 4905 quse
795 4838 838 4901 13)
858 4838 905 4902 Qui
927 4844 966 4888 cst
985 4850 1080 4903 proeco
1099 4832 1243 4899 Evrngoiii.

199 4914 328 4972 trrnnm
356 4935 432 4987 supro
463 4920 525 4973 dixit
551 4938 574 4973 c.
599 4922 623 4974 6.
650 4940 675 4991 p.
700 4924 746 4976 1⁴:
794 4927 839 4992 tt)
859 4924 894 4975 itu
907 4926 1092 4988 Dn¹1s.;t'sr.
1106 4924 1209 4972 lrrenr.
1224 4922 1251 4970 in
1265 4920 1320 4974 tuo.

199 5001 235 5054 ὅτι
250 5007 351 5072 duella
368 5004 395 5056 dr
412 5011 480 5074 nopai
497 5012 656 5075 pacominum
671 5009 711 5060 eod
722 5009 747 5061 ἓν
777 5011 821 5064 Νι.
840 5005 878 5059 ὅντ’
895 5005 967 5072 αὐτῷ.
