3067 6450
194 1183 283 1238 Kllel
630 1174 879 1259 enousuousun.
1121 1168 1319 1239 [semrom

195 1345 293 1421 adeo,
324 1350 358 1404 ul
383 1359 485 1419 poene
516 1339 635 1415 dicem,
659 1335 810 1417 Spiritum
830 1334 907 1411 Dei,
939 1350 1001 1395 non
1033 1331 1187 1395 bominem
1218 1332 1253 1393 iu
1285 1350 1320 1395 eo

196 1448 367 1528 loquentem
388 1445 519 1508 sentias.

282 1552 369 1631 llugn
388 1550 507 1612 Grolius
521 1545 551 1631 Ι)
575 1565 634 1610 non
656 1546 811 1609 simulatae
834 1543 990 1606 veluslelis
1013 1540 1118 1603 indicia
1140 1540 1170 1603 in
1186 1539 1320 1621 Episloln

195 1660 297 1718 noslnu
320 1655 446 1734 reperiri
469 1652 638 1715 contendit:
662 1652 709 1713 De
733 1649 857 1711 Cbrislo
881 1667 1002 1727 semper
1025 1647 1174 1727 loquitor,
1199 1664 1265 1707 non
1288 1653 1320 1706 ul

192 1761 386 1839 posteriores
402 1744 691 1838 πλατωνικώτερον,
712 1755 770 1815 sed
784 1754 968 1831 simpliciter
982 1753 1086 1831 plone,
1111 1759 1141 1812 et
1154 1759 1189 1810 ul
1203 1749 1320 1811 Paulus

195 1863 367 1940 Apostolus
388 1864 476 1926 solet.
521 1862 597 1923 Alio
620 1877 741 1940 quoque
763 1858 924 1938 doqmalo,
953 1866 1066 1935 posteo
1090 1856 1238 1916 subtilius
1262 1874 1320 1916 ee-

192 1966 333 2048 olieolo,
370 1977 485 2030 lrnelot
518 1959 744 2052 ἅφελέστεροκ,
782 1972 811 2024 el
841 1963 969 2026 vocibus
1001 1948 1154 2046 κλήσεως,
1191 1955 1321 2045 abebi»,

194 2066 349 2146 ἐκλεκτῶν,
372 2092 466 2135 sensu
487 2074 581 2152 plone
604 2071 737 2132 Paulino
760 2070 869 2131 utilur.

283 2178 401 2238 Noslris
425 2177 543 2256 quiinlenn
568 2175 751 2254 {emporibus
767 2171 981 2253 Selloeqlerus
997 2167 1219 2253 (noebeposlol.
1236 2169 1321 2230 Zeil-

195 2281 278 2359 eller‚
303 2281 335 2342 T.
359 2279 390 2341 ll.
415 2297 442 2359 p.
470 2277 530 2342 125
554 2276 650 2359 squ),
674 2286 705 2338 el
727 2276 865 2339 Bennios
888 2275 956 2358 (die
979 2276 1118 2355 ignobiun.
1136 2272 1237 2335 Briele
1260 2273 1321 2336 und

195 2387 241 2448 ilu
275 2391 416 2446 neuesler
448 2383 593 2459 linitiker,
625 2383 718 2463 Tubg.
752 2378 844 2445 1818.
875 2400 903 2461 p.
936 2378 996 2442 127
1021 2376 1107 2460 sqq.)
1140 2378 1320 2440 authentiam

195 2488 284 2568 liujus
309 2490 454 2570 epislolue
479 2490 506 2549 in
531 2487 651 2548 dubium
675 2504 786 2546 vocure
809 2485 907 2546 eeneii
931 2489 1010 2558 sunl,
1032 2484 1086 2543 sed
1109 2490 1232 2544 sirenue
1256 2502 1322 2545 eum

196 2591 396 2655 defenderunt
410 2592 588 2654 Bonsenius
605 2590 755 2671 (lgnulius
773 2610 800 2652 v.
819 2591 853 2652 Α.
873 2589 930 2650 nnn
947 2591 1031 2650 seine
1044 2589 1107 2649 Zeil
1123 2606 1150 2667 ρ.
1171 2584 1230 2651 189
1244 2584 1321 2668 so),

196 2695 315 2770 Rilsebl
338 2695 543 2779 (Enlslebung
565 2696 619 2757 der
643 2694 795 2756 altunuol.
820 2695 939 2773 ilieebe,
963 2678 1046 2756 Bonn
1067 2690 1158 2756 1850.
1182 2711 1209 2773 p.
1235 2689 1321 2775 282)

195 2806 226 2860 el
247 2800 303 2860 elii.

285 2903 342 2964 llll.
382 2903 489 2984 blegne
514 2901 567 2965 luit
590 2903 666 2982 anull
684 2905 810 2965 l'eleres
833 2905 980 2986 epislnlne
1003 2911 1126 2965 noslrae
1149 2905 1321 2982 nuclerius,

195 3026 282 3090 quoin
305 3008 446 3071 lrenueus
470 2997 664 3090 ἱκανωτάτην
685 2999 809 3093 γραφήν
824 3006 868 3092 ²),
890 3009 1036 3070 Eusebius
1058 3002 1191 3091 μεγάλῳ
1212 3029 1247 3069 τε
1268 3005 1322 3071 καὶ

93 3151 100 3162 ·
195 3106 378 3191 θαυμασίαν
388 3109 421 3194 ³)
437 3112 572 3193 appellnl.
610 3113 729 3174 Publice
745 3133 820 3190 euin,
845 3116 1017 3194 pnnesnrlini
1035 3114 1139 3175 illelius
1157 3115 1322 3192 dominico,

195 3217 225 3280 in
251 3217 398 3279 nonnullis
423 3218 559 3280 eeclesiis
583 3217 675 3280 luisse
699 3220 888 3299 pruniceum,
912 3219 1074 3300 Dionysius
1093 3217 1263 3279 Corinthius
1276 3213 1320 3302 ⁴),

194 3320 341 3385 Eusebius
356 3321 397 3406 ⁵),
421 3323 621 3404 Hieronymus
634 3319 666 3406 ⁶)
690 3331 719 3384 el
743 3316 906 3403 Pllolius²)
931 3330 1084 3382 leslunlur.

283 3428 405 3490 blinoris
423 3447 486 3490 eeun
505 3428 624 3490 l'bnlius
648 3430 712 3510 ipse
735 3428 916 3502 aesliunbul,
940 3426 1018 3506 quod
1036 3425 1173 3486 Clemens
1192 3423 1322 3485 mundos

195 3537 277 3594 leons
312 3531 463 3595 Oeennuin
499 3535 629 3594 enislene
661 3538 845 3613 sulnponenel
877 3531 922 3613 (c.
953 3527 1031 3613 20),
1065 3530 1220 3590 l'boeuicis
1255 3530 1321 3590 uvis

196 3637 334 3715 exennplo
351 3643 486 3716 lonquunn
504 3638 660 3698 verissimo
679 3644 813 3697 ulerelur
830 3632 875 3715 (e.
892 3632 965 3718 25),
988 3634 1129 3715 quuollque
1151 3631 1321 3713 poinlisicem

195 3739 424 3820 praesidemque
463 3740 619 3802 Dominum
666 3748 798 3802 noslnunn
836 3740 939 3802 Jesunn
977 3741 1123 3802 Cluisluin
1167 3739 1321 3820 appellens

196 3840 243 3925 (o.
268 3839 348 3923 36),
380 3844 444 3904 illus
468 3843 532 3904 Deo
565 3846 780 3906 convenientes
810 3863 846 3906 oo
877 3844 1066 3908 sublimiores
1097 3845 1135 3906 de
1165 3864 1201 3905 eo
1226 3861 1322 3905 voces

195 3965 258 4010 non
282 3946 463 4027 prolulissel.

284 4050 356 4112 lllll.
393 4049 459 4112 lum
483 4049 682 4132 intempore,
706 4071 765 4133 qno
783 4053 875 4135 primu
891 4052 1052 4115 Clemenlis
1069 4051 1194 4134 epislolo
1209 4051 1322 4131 seripln

197 4153 297 4231 luerit,
321 4155 513 4235 dispuleinus.

284 4261 429 4341 Scrinium
447 4278 511 4321 enni
528 4277 596 4321 esse
611 4260 695 4322 brevi
712 4268 781 4341 post
797 4261 1036 4340 persecutionem
1050 4259 1186 4340 aliquam,
1203 4267 1323 4322 conslel

198 4380 239 4425 ex
260 4365 324 4445 ipse
349 4364 491 4443 epislolu,
514 4383 539 4425 e.
563 4364 584 4425 Ι.
629 4364 703 4426 Esse
725 4366 773 4427 vel
797 4365 926 4426 Neronis
950 4363 998 4426 vel
1022 4364 1178 4424 Domitiani
1209 4381 1322 4443 perse·

79 4525 88 4540 ,
199 4470 347 4529 eulinnenn
380 4485 467 4529 nenio
498 4455 618 4530 dubini.
665 4469 808 4545 Grebius‚
837 4467 963 4549 Pugius,
993 4467 1114 4545 Orsius,
1138 4466 1322 4543 Callensibus,

198 4569 357 4634 Wollonus
380 4572 498 4654 aliique,
521 4572 657 4636 Neronis
680 4575 892 4654 perseeutione
908 4573 1072 4649 desinente,
1096 4574 1232 4653 proxime
1252 4579 1323 4652 post

235 4742 263 4806 1)
281 4741 308 4793 ln
329 4741 406 4809 Epist.
432 4745 463 4794 nd
490 4742 652 4813 Bignoniunu‚
680 4744 745 4810 opud
809 4746 837 4806 1)
859 4740 1280 4809 upud.13nseb.u.13.1V,33.

201 4830 322 4894 Cottion,
343 4828 390 4879 Ed.
403 4827 468 4881 Pele.
482 4839 563 4897 nposl.
577 4830 604 4881 Τ.
618 4830 636 4881 Ι.
651 4847 675 4898 ρ.
689 4829 744 4881 131.
809 4831 836 4891 5)
857 4832 953 4882 Ειιεώ.
973 4827 995 4878 ΙΙ
1022 4826 1053 4879 E.
1072 4827 1114 4891 ΙΙΙ,
1138 4828 1177 4879 16.

235 4916 264 4981 2)
284 4918 348 4968 Adu.
369 4917 437 4967 lunen.
457 4915 499 4980 ΙΙΙ,
513 4916 537 4966 3.
808 4917 836 4978 6)
857 4919 962 4968 llioron.
983 4914 1015 4963 ‹le
1035 4916 1092 4964 viris
1111 4914 1199 4965 illuslr.
1220 4930 1242 4967 c.
1261 4915 1302 4966 15.

103 4999 264 5301 xm
282 5004 381 5057 Enseu.
400 5002 429 5055 Η.
447 5001 478 5056 Ε.
497 5002 540 5069 ΙΙΙ,
562 5000 602 5054 16.
808 5003 836 5066 7)
855 4995 972 5052 biblioth.
992 4998 1054 5053 Coe
1075 5000 1132 5052 113.
