3067 6450
401 1877 622 1994 sonent
659 1880 1000 1997 nonturno!

169 2066 507 2123 SMYRNAEORUM
536 2066 748 2123 Ertscoet
777 2068 828 2122 ΕΤ
858 2068 1226 2127 alssnounntrnls

675 2209 720 2262 AD

309 2351 745 2436 PHILIPPENSES
788 2352 1088 2440 EPlSi'de.

623 2559 779 2574 —

222 2686 404 2770 Polycarpus
428 2686 531 2766 etqui
556 2705 621 2749 cum
646 2704 684 2749 eo
715 2687 885 2770 presbyteri
912 2688 1058 2752 ecclesiae
1080 2690 1153 2770 Dei,
1185 2709 1263 2773 quae

275 2791 507 2873 'peregrinatur
538 2788 722 2874 ²Phiiippis:
753 2791 958 2855 misericordia
990 2797 1074 2858 vobis
1105 2802 1135 2858 et
1163 2814 1263 2879 pexa

268 2895 334 2958 Deo
367 2896 570 2977 omnipotente
600 2902 631 2958 et
662 2915 678 2958 a
708 2895 836 2960 Domino
864 2897 937 2961 iesu
963 2897 1081 2963 Christo
1111 2901 1264 2965 salvatore

270 3006 374 3065 nostro
397 3000 613 3083 multiplicetur.

134 3195 156 3259 1.
180 3194 269 3257 Laus
284 3193 322 3257 ob
338 3193 556 3275 benionitatem
570 3211 646 3275 erqo
658 3193 778 3274 frenes
793 3192 917 3256 cinctos
933 3200 963 3256 et
977 3192 1014 3256 od
1026 3194 1119 3273 fidam
1131 3195 1260 3273 firmum.

226 3317 408 3400 Magnopcre
438 3316 620 3399 congavisus
649 3334 714 3377 sum
743 3314 829 3377 vobis
852 3315 881 3376 in
907 3314 1032 3379 Domino
1058 3323 1161 3380 nostro
1185 3316 1259 3380 iesu

137 3422 275 3499 Christo,
307 3418 415 3503 ³quod
437 3438 530 3483 verae
553 3418 702 3482 charitatis
726 3419 870 3501 imagines
900 3421 1090 3501 suscepistis,
1124 3428 1153 3483 at
1178 3419 1259 3502 quod

136 3533 227 3608 prout
249 3525 348 3588 decuit
369 3543 434 3604 vos,
457 3525 587 3588 comitati
611 3525 682 3586 estis
707 3541 772 3602 eos,
796 3523 846 3603 qui
869 3524 1007 3604 implicati
1030 3532 1100 3588 sunt
1124 3526 1259 3604 vinculis,

137 3648 217 3712 quae
239 3631 350 3693 sanctis
373 3631 571 3708 conveniunt,
601 3646 739 3710 quaeque
768 3626 931 3691 diedemate
958 3636 1028 3692 sunt
1057 3648 1178 3707 eoram,
1209 3630 1260 3710 qui

136 3754 212 3798 vere
234 3741 302 3796 sunt
325 3753 341 3795 a
365 3733 430 3796 Deo
452 3739 482 3795 et
504 3733 630 3796 Domino
653 3739 756 3795 nostro
781 3733 885 3810 eiecti;
918 3739 948 3796 et
976 3734 1055 3816 quod
1086 3734 1168 3797 firma
1191 3734 1260 3796 odet

137 3845 257 3902 vestrae
280 3837 374 3917 radix,
399 3834 460 3899 ‘ab
485 3838 613 3917 antiquis
637 3837 819 3918 temporibus
843 3840 1028 3918 annunciata,
1051 3856 1147 3919 usque
1164 3837 1261 3901 adhuc

137 3951 293 4027 permanet
315 3962 350 4005 ac
373 3941 500 4005 fructum
523 3940 609 4004 affert
632 3943 660 4003 in
684 3941 810 4005 Domino
833 3948 938 4005 nostro
960 3942 1033 4018 Jcsu
1057 3942 1185 4021 Christo,
1211 3941 1262 4022 qui

136 4067 194 4131 pro
217 4047 349 4131 peccatis
372 4048 482 4109 nostris
505 4064 601 4126 usque
623 4044 660 4107 ad
676 4051 801 4109 mortem
818 4045 960 4109 devenire
979 4049 1126 4127 sustinuit,
1150 4044 1263 4128 ⁶quem

136 4154 340 4217 resuscitavit
362 4152 467 4229 Deus,
499 4153 613 4215 rotatis
636 4151 799 4214 doloribus
827 4153 952 4233 inferni.
999 4148 1064 4213 ‘In
1086 4169 1176 4232 quem
1197 4169 1262 4214 non

136 4260 282 4321 videntes
306 4258 453 4334 creditis,
486 4257 644 4319 credentes
666 4264 770 4318 autem
792 4257 961 4318 exsultatis
984 4257 1109 4319 taetitia
1130 4258 1262 4319 iacuer-

136 4364 234 4427 rodiii
257 4373 286 4426 et
306 4364 505 4445 yterificato3
528 4362 660 4442 inquam
677 4360 756 4423 multi
773 4358 945 4422 desiderant
963 4360 1097 4439 introire,
1120 4360 1262 4435 scientes,

138 4466 218 4549 quod
244 4462 257 4502 ⁷
269 4467 376 4547 oratio
399 4467 474 4530 estis
495 4467 631 4543 aniceti,
665 4484 728 4528 non
757 4483 799 4526 cc
831 4464 996 4545 operibus,
1028 4463 1082 4528 sed
1111 4464 1264 4526 voluntate

137 4574 195 4637 Dei
218 4572 399 4657 pertesum
423 4572 578 4636 Christum.

138 4748 180 4799 cai
198 4746 267 4798 bene
285 4746 416 4815 respondit
434 4746 477 4799 Dr.
494 4749 645 4817 iim-inan
663 4745 687 4796 in
750 4746 780 4808 5)
799 4749 854 4799 Act.
872 4747 899 4813 2,
918 4745 960 4795 at.

137 4832 246 4903 Tubing.
277 4833 356 4886 theol.
388 4833 579 4898 Quartaischriit
612 4831 688 4885 1851.
750 4835 781 4901 6)
801 4834 812 4885 i
830 4833 897 4885 Patr.
918 4832 942 4897 1,
960 4832 985 4883 8.

136 4937 163 4989 p.
183 4919 244 4971 108.
750 4920 781 4988 7)
798 4919 894 4988 Epiros.
913 4920 940 4986 2,
958 4918 983 4974 8.
1001 4921 1026 4974 9.

171 5004 205 5074 4)
222 5002 286 5058 Phil.
307 5005 332 5073 1,
351 5006 376 5060 ⁵.

192 5109 259 5149 ram
273 5114 337 5161 mr.
354 5108 389 5152 aa.
403 5109 438 5154 rv.
1016 5093 1055 5160 17

1209 5149 1384 5293 Α
