3067 6450
201 1183 267 1248 380
353 1176 492 1232 ttmnttmt
509 1175 645 1231 luston.
683 1176 780 1230 imum
798 1176 840 1232 lll.
875 1175 1001 1231 ΒῙΙΙΗΤ.
1019 1177 1049 1231 m
1068 1177 1113 1234 111.
1133 1179 1176 1233 tv.

202 1349 231 1405 et
255 1347 347 1419 curat,
371 1357 409 1402 ne
433 1338 502 1419 quid
527 1338 555 1399 oi
579 1336 663 1399 desit.
708 1337 824 1418 Pauper
843 1338 909 1401 [leo
932 1339 1043 1421 gratias
1067 1341 1130 1422 ugit
1152 1359 1209 1422 pro
1231 1341 1327 1422 diuite,

202 1450 271 1530 quio
295 1464 371 1528 opus
394 1445 506 1508 iaciunt
529 1463 545 1507 c
568 1444 704 1506 Domino.
748 1441 837 1524 Apud
867 1443 1002 1506 homines
1033 1463 1110 1528 ergo
1142 1445 1242 1509 ulmus
1272 1467 1328 1511 non

201 1558 320 1634 putetur
344 1551 416 1613 dure
440 1548 584 1628 fructum,
617 1555 648 1611 el
671 1548 824 1626 nesciunt,
851 1566 951 1629 neque
971 1548 1158 1632 intelligunt,
1181 1552 1284 1632 quod,
1305 1554 1328 1615 si

200 1658 330 1719 societas
353 1655 510 1717 advenerit
532 1654 598 1733 viti,
623 1661 652 1716 et
676 1654 741 1715 vitis
766 1652 885 1734 duplum
909 1652 1127 1733 destitucione,
1162 1662 1193 1718 ct
1217 1674 1276 1739 pro
1298 1674 1328 1719 se

201 1769 232 1824 ot
256 1779 311 1842 pro
335 1761 424 1822 ulmo.
469 1759 518 1822 Sic
541 1763 570 1821 et
595 1776 742 1839 pauperes
764 1775 820 1840 pro
843 1757 1041 1838 locupletibus
1064 1765 1190 1822 orontes
1208 1760 1247 1822 od
1267 1760 1328 1824 Do-

200 1868 309 1928 minum
334 1863 544 1940 exaudiuntur,
569 1869 767 1945 elongentur
787 1879 861 1942 opes
882 1880 995 1942 corum,
1017 1865 1159 1945 quoniam
1179 1873 1328 1947 praestent

201 1970 381 2052 pauperibus
405 1987 445 2030 ex
467 1969 573 2049 opibus
596 1968 668 2030 suis.
706 1968 781 2031 Sunt
796 1968 886 2048 igitur
901 1967 987 2030 umbo
1006 1975 1167 2032 consortes
1183 1972 1328 2034 bonorum

201 2092 325 2157 operum
348 2091 480 2136 suorum.
527 2073 711 2153 Quicumque
734 2072 826 2154 igitur
848 2071 922 2134 haec
944 2071 1059 2151 lecerit,
1082 2092 1145 2136 non
1172 2074 1328 2139 deseretur

200 2180 386 2257 uDomin0,
418 2197 453 2240 oo
476 2179 533 2240 erit
554 2177 681 2258 scriptus
705 2179 734 2240 in
757 2177 835 2241 libro
858 2179 946 2240 vitoe.
991 2178 1107 2246 Felices
1141 2181 1253 2263 igitur,
1283 2183 1328 2263 qui

200 2285 371 2367 possident,
402 2291 432 2345 et
461 2285 589 2346 sentiunt
619 2300 654 2345 sc
684 2282 877 2363 locupletari3
911 2283 961 2362 qui
992 2282 1051 2345 hoo
1080 2286 1163 2347 enim
1189 2288 1327 2366 senserit

201 2391 310 2470 poterit
332 2385 442 2468 aliquid
466 2386 701 2449 administrare.“

634 2592 809 2675 Similitudo
837 2594 890 2677 ill.

202 2769 241 2831 m
263 2771 367 2851 hyeme
388 2771 508 2833 virides
530 2771 661 2833 arbores
685 2769 725 2831 ob
749 2770 869 2849 aridis,
900 2772 949 2833 sio
978 2772 1012 2832 in
1040 2772 1101 2833 luoo
1123 2773 1234 2836 seculo
1250 2772 1325 2853 justi

442 2875 482 2936 ob
506 2875 635 2954 injustis
658 2874 831 2938 internosci
854 2894 918 2939 noio
942 2885 1086 2955 possunt.

158 3097 167 3114 ·
289 3015 428 3078 Ostendit
450 3015 520 3076 mihi
543 3015 667 3085 arbores
691 3015 797 3077 multas
813 3016 936 3098 objectis
952 3015 1040 3094 soliis,
1063 3034 1142 3097 quoe
1161 3017 1232 3080 mihi
1249 3020 1323 3081 velut

202 3120 303 3183 aridae
334 3119 526 3196 videbuntur3
558 3137 663 3183 omnes
694 3122 771 3184 enim
803 3122 915 3184 similes
946 3129 1038 3184 erunt.
1084 3122 1122 3184 Et
1145 3124 1221 3187 dixit
1243 3125 1322 3187 mihi:

202 3227 307 3306 „vides
331 3227 455 3288 arbores
478 3225 575 3289 hos?“
624 3225 769 3305 „Video‚“
795 3228 924 3307 inquam,
952 3226 1101 3307 „domine
1127 3229 1242 3292 similes
1264 3232 1322 3293 ori-

202 3330 275 3391 dis.“
315 3329 514 3412 Respondens
538 3331 612 3392 dixit
632 3331 717 3393 milii:
743 3332 820 3411 „liae
836 3333 961 3396 arbores
977 3335 1006 3396 in
1022 3334 1248 3398 similitudinem
1263 3343 1324 3398 sunt

200 3436 359 3515 hominum,
377 3437 426 3517 qui
444 3436 472 3497 in
488 3436 592 3499 seculo
609 3437 789 3500 morantur.“
824 3435 987 3518 Respondi,
1004 3438 1162 3518 inquiens:
1181 3439 1323 3518 „domine

109 3565 111 3570 ⁴
200 3557 253 3601 cur
277 3540 357 3603 uelut
380 3539 470 3602 aridis
494 3540 604 3603 similes
628 3541 742 3604 suntl‘
791 3542 986 3622 „Quoniom,“
1015 3544 1119 3623 inquit,
1149 3564 1228 3625 „nec
1249 3547 1322 3628 justi,

200 3663 257 3706 neo
279 3646 378 3727 injusti
403 3651 636 3727 cognoscuntur,
659 3646 713 3709 sod
737 3647 850 3709 similes
873 3654 942 3710 sunt
966 3648 995 3709 in
1023 3648 1081 3710 hoo
1103 3649 1221 3711 seculo.
1266 3650 1322 3712 lloc

199 3751 277 3810 onim
299 3750 432 3812 seculum
452 3752 540 3831 justis
564 3751 667 3833 hyems
689 3757 744 3830 est,
769 3752 899 3831 quinon
923 3760 1140 3833 agnoscuntur,
1164 3772 1231 3816 cum
1254 3774 1321 3838 pec·

199 3856 349 3916 coloribus
380 3854 552 3916 habitantes.
599 3857 680 3919 Sicut
711 3858 740 3919 in
771 3856 878 3938 hyeme
909 3874 1012 3918 omnes
1045 3858 1175 3923 arbores
1206 3861 1320 3944 objectis

200 3956 278 4020 loliis
302 3956 392 4017 aridis
415 3957 526 4019 similes
549 3966 628 4038 sunt,
652 3978 708 4023 nec
730 3967 832 4041 potest
854 3964 1009 4044 cognosci,
1035 3981 1113 4043 quoe
1130 3973 1203 4027 sunt
1217 3968 1318 4044 cridae,

199 4068 249 4121 nul
279 4078 355 4140 quae
386 4062 514 4138 virides;
545 4064 588 4125 sic
619 4071 648 4126 et
677 4066 707 4128 in
736 4066 795 4129 lioc
825 4066 929 4129 seculo
959 4084 1018 4129 neo
1043 4069 1118 4149 justi
1148 4089 1207 4133 nec
1231 4071 1318 4154 injusti

200 4173 435 4248 cognoscuntur,
461 4168 514 4230 sed
539 4170 651 4233 similes
675 4177 743 4234 sunt
771 4172 904 4234 omncs.“

635 4376 809 4460 Similitudo
836 4377 886 4459 iil.

201 4548 239 4610 m
262 4556 380 4611 oeslolc
402 4549 528 4611 oioidoe
552 4553 684 4615 arbores
700 4555 740 4616 ob
757 4557 860 4618 aridis
874 4555 983 4635 froom
1000 4565 1030 4618 et
1044 4560 1225 4625 viventibus
1238 4561 1317 4641 foliis

197 4654 466 4731 internosceretur,
482 4656 529 4716 sio
545 4655 701 4732 institero
717 4662 823 4724 secolo
832 4663 916 4741 justi
932 4661 971 4723 ob
989 4662 1120 4742 injustis
1132 4664 1317 4730 beatitudins

681 4762 839 4844 differunt.

287 4898 423 4963 Ostendit
446 4900 515 4962 mihi
537 4901 643 4964 iterum
666 4904 791 4969 arbores
815 4907 929 4987 multos,
951 4925 1075 4989 pilorum
1102 4910 1181 4976 oliuo
1204 4912 1314 4978 frondes

198 5003 383 5084 emittebant,
418 5006 493 5069 nlioe
525 5006 626 5070 aridae
658 5017 750 5073 erunt.
796 5011 833 5074 Et
863 5012 935 5076 dixit
966 5012 1051 5078 milii:
1087 5017 1242 5095 „videsne
1268 5018 1312 5080 ltus
