3067 6450
134 1198 164 1253 S.
185 1198 332 1268 tottam]
574 1197 828 1253 Pnotauotrarm.
1188 1202 1264 1258 txttt

134 1361 241 1422 desire
262 1359 317 1437 [or
340 1360 390 1421 tbc
412 1377 518 1421 croton
539 1361 580 1439 os
595 1359 796 1439 merlyrdcrn,
820 1379 857 1422 us
876 1360 942 1422 lbet
960 1360 1090 1423 coinred
1109 1362 1149 1443 bp
1167 1363 1263 1444 lgna-

135 1465 201 1526 rins
223 1465 258 1524 in
281 1464 329 1525 tbe
351 1463 469 1543 Epirtle
493 1472 524 1526 lo
548 1463 596 1525 tbe
618 1463 773 1539 Romnae,
801 1464 859 1526 bur
881 1483 953 1527 coer
975 1464 1050 1528 been
1074 1468 1264 1530 considered

135 1589 174 1632 so
211 1569 388 1649 peculiarly
419 1570 626 1649 appropriate
663 1578 694 1631 to
732 1569 780 1630 tbe
816 1569 1013 1647 aspiratione
1051 1570 1090 1648 ns
1120 1573 1264 1634 monlrisb

136 1674 331 1751 asceticirnr,
354 1674 421 1734 lbet
442 1691 489 1733 roe
510 1660 624 1735 abon'ld
646 1672 837 1754 reasonably
858 1682 968 1751 expect
991 1694 1010 1737 n
1033 1675 1148 1757 Syrien
1174 1676 1265 1740 morrlr

136 1787 169 1841 to
193 1779 314 1840 retrnin
336 1778 399 1838 tbis
415 1776 536 1856 Epistle
556 1781 609 1859 [or
631 1779 681 1840 bis
700 1796 773 1841 oron
792 1779 906 1855 „picus
922 1781 1009 1855 ure“‚
1032 1781 1066 1842 in
1082 1782 1265 1860 preference

136 1890 168 1944 to
191 1901 256 1962 any
279 1880 318 1958 os
336 1881 384 1943 lbe
406 1880 510 1943 otberr
530 1882 630 1943 sobiclr
654 1884 691 1944 be
720 1882 778 1944 bus
808 1881 971 1960 rejected.“
1019 1868 1186 1947 Curetonus
1217 1887 1265 1948 blo

135 1985 280 2062 affirmat,
311 1986 398 2046 vitam
422 1987 613 2047 monasticum
635 2005 652 2048 a
673 1984 754 2066 fago
777 1987 922 2067 martyrii
953 1987 1100 2069 originem
1132 1989 1265 2068 duxisse,

137 2088 270 2170 ideoque
293 2089 447 2169 epistolam
471 2089 500 2151 S.
523 2089 627 2171 lgnatii
650 2090 687 2154 ad
711 2090 879 2167 Romanos,
913 2108 981 2152 cum
1003 2091 1089 2171 plena
1112 2094 1151 2154 sit
1177 2092 1266 2155 lauda

136 2194 281 2274 martyrii,
304 2193 384 2255 nullo
408 2193 496 2256 modo
518 2196 683 2256 monacbis
706 2195 841 2276 potuisse
864 2193 993 2275 placere.
1038 2194 1075 2257 Et
1097 2197 1165 2258 inde
1189 2214 1268 2259 con-

138 2298 226 2377 sequi
249 2302 330 2376 putat
353 2297 399 2357 vir
422 2296 629 2374 doctissimus,
662 2307 795 2361 veterem
818 2297 895 2359 illam
919 2300 1089 2362 versionem
1113 2300 1267 2382 Syriacam

137 2402 259 2463 minime
274 2401 425 2465 monacbo
442 2384 532 2484 posse
549 2402 686 2466 adscribi.
704 2437 744 2450 -
762 2401 838 2479 Ouid
856 2408 911 2478 est,
927 2402 1007 2482 quod
1024 2403 1143 2466 dicam?
1174 2404 1268 2466 Tem-

138 2505 263 2585 poribus
285 2505 368 2567 Decii
392 2507 577 2589 imperatoris
608 2509 709 2589 plures
732 2507 930 2585 Christianos,
960 2514 992 2569 ut
1015 2516 1167 2570 cruentam
1192 2509 1277 2589 peri

138 2610 325 2672 secutionem
342 2611 497 2688 evitarem,
517 2612 546 2674 in
562 2613 629 2676 loca
646 2613 765 2675 deseris
782 2612 947 2674 recessisse
963 2611 1062 2692 ibique
1077 2631 1161 2676 more
1177 2613 1267 2676 Arm-

139 2714 338 2777 cborelnrrrm
359 2713 438 2797 (nou
455 2710 696 2801 Moncclrcran'r)
718 2718 808 2780 vitam
826 2716 986 2779 solitariam
1003 2717 1132 2799 degisse,
1155 2736 1206 2779 res
1222 2722 1268 2780 ast

138 2819 292 2880 notissima
301 2838 311 2893 3
346 2819 401 2882 sed
429 2821 582 2900 originem
611 2829 641 2884 et
669 2822 805 2884 indolem
827 2820 1020 2883 monasticae
1041 2821 1126 2883 oilae
1148 2840 1168 2882 a
1188 2818 1269 2900 [agn

138 2923 285 3001 martyrii
305 2925 462 3000 derivare,
485 2924 572 3006 plane
596 2925 738 2988 insulsum
758 2931 813 2987 est.
850 2923 979 3005 Respice
994 2923 1164 3002 bulonium,
1189 2926 1267 2986 vitae

138 3027 323 3089 monasticae
339 3028 537 3091 institutorem
554 3033 584 3090 el
599 3029 803 3110 patriarcham,
824 3029 862 3091 da
878 3045 937 3109 quo
953 3028 1132 3090 Athanasius
1148 3028 1266 3090 scribit:

141 3136 231 3210 „post
261 3130 336 3194 baec
366 3132 521 3194 ecclesiam
553 3134 671 3214 excepit
692 3133 843 3196 Maximini
865 3135 1054 3212 persecutio,
1086 3138 1268 3212 sanctosque

138 3242 287 3318 martyres
302 3236 513 3301 Alexandriam
528 3237 672 3302 adductos
688 3240 736 3302 ille
753 3233 939 3321 (Antonius)
961 3237 1066 3298 relicto
1086 3237 1267 3299 monasterio

140 3346 263 3404 secutus
286 3347 341 3420 est,
365 3344 464 3424 ajens:
488 3342 649 3424 Pergamus
673 3349 703 3405 et
722 3359 790 3417 nos,
813 3348 846 3406 ut
860 3341 908 3402 vel
924 3341 1021 3402 vocati
1037 3338 1269 3420 congrediamur

142 3443 191 3506 vel
204 3444 382 3525 praeliantes
394 3449 572 3524 spectemur.
595 3445 632 3507 Et
647 3446 793 3526 martyrii
808 3445 931 3525 quidem
943 3442 1101 3505 desiderio
1113 3440 1271 3522 flagrabat

226 3549 372 3609 moerenti
388 3546 489 3610 similis
505 3554 579 3625 erat,
596 3548 676 3629 quod
693 3549 864 3630 martyrium
880 3547 1001 3627 assequi
1017 3563 1077 3608 non
1093 3547 1215 3628 posset“
1231 3543 1268 3627 ¹).

230 3648 274 3712 En
297 3650 491 3732 patriarcham
515 3653 726 3716 monachorum
750 3653 880 3733 martyrii
911 3650 1062 3713 desiderio
1093 3650 1269 3733 flagrantem

142 3759 173 3817 et
196 3771 234 3815 en
259 3788 297 3800 -
322 3754 405 3818 futile
427 3763 632 3840 argumentum
657 3756 807 3819 Curetoni.
852 3757 883 3819 Si
906 3755 984 3817 bunc
1008 3753 1121 3833 audias,
1148 3760 1269 3817 veteres

142 3856 281 3920 monachi
297 3876 314 3919 a
329 3858 467 3943 legendis
482 3876 519 3923 ac
533 3861 781 3924 transscribendis
798 3862 870 3923 actis
889 3867 1051 3941 martyrum
1072 3858 1269 3938 abstinebant,

142 3978 183 4023 ue
205 3961 279 4041 ipsi,
303 3965 471 4045 martyrium
496 3963 663 4047 fugientes,
692 3964 809 4045 pudore
831 3969 862 4026 et
884 3966 996 4027 rubore
1018 3961 1269 4025 suffunderentur.

142 4063 261 4126 Revera
284 4073 380 4128 autem
404 4066 550 4151 ejusmodi
574 4069 642 4131 libri
664 4087 681 4130 a
703 4069 822 4131 nemine
852 4068 990 4149 saepius,
1021 4084 1038 4127 a
1061 4066 1179 4128 nemina
1202 4073 1270 4127 stu-

144 4167 258 4230 diosius
282 4167 349 4231 lecti
373 4176 403 4232 et
426 4171 543 4233 collecti
566 4178 595 4233 et
618 4175 803 4253 transscripti
834 4177 918 4249 sunt,
951 4188 1038 4250 quam
1070 4188 1087 4231 a
1119 4168 1270 4232 monacbis

143 4277 175 4334 el
197 4271 277 4333 vitae
299 4274 481 4337 monasticae
503 4273 714 4339 laudatoribus.
759 4275 790 4338 ld
814 4276 946 4358 apprimo
969 4273 1153 4336 demonstrat
1175 4273 1270 4336 nubes

144 4374 297 4455 codicum,
328 4378 378 4458 qui
400 4378 488 4440 vitam
511 4378 687 4443 Sanctorum
711 4380 898 4443 continentes
921 4379 951 4440 in
974 4376 1135 4440 coenobiis
1163 4374 1271 4450 detecti

143 4485 231 4553 sunt3
262 4485 293 4541 et
320 4478 357 4541 ad
385 4480 559 4544 hodiernam
588 4501 684 4564 usque
715 4484 793 4547 diem
823 4482 853 4545 iu
883 4481 1018 4544 claustris
1047 4480 1179 4560 quotidie
1201 4493 1271 4560 pars

143 4582 367 4664 ldcrtyrologii
389 4585 506 4664 publice
529 4585 590 4669 legi
612 4587 698 4650 solet.

233 4685 401 4749 Curetonus
423 4689 539 4770 pergit:
565 4692 633 4768 ,lb-e
648 4691 769 4771 Epirtle
792 4698 824 4753 to
848 4690 898 4750 tbe
917 4687 1103 4767 prerinns,
1128 4682 1272 4748 conlains

144 4809 189 4851 nn
219 4787 506 4871 ucbnoroledgment
535 4812 577 4855 on
607 4794 654 4856 tlre
684 4802 762 4873 part
792 4791 831 4871 cf
856 4791 999 4871 ignotius
1029 4789 1083 4867 [or
1115 4788 1164 4849 tlte
1197 4784 1273 4844 lrind

179 5011 209 5078 1)
227 5012 355 5066 numu.
368 5013 420 5069 vra
432 5015 458 5071 s.
468 5016 571 5071 mum
583 5032 606 5069 e
616 5014 658 5069 rc.
672 5011 736 5083 opp.
749 5013 791 5067 sa.
800 5013 888 5069 rsus.
899 5012 976 5079 mm,
988 5010 1042 5063 nt
1057 5008 1084 5061 r.
1093 5003 1123 5060 u.
1137 5020 1161 5072 p.
1172 4999 1223 5054 aaa
1233 5019 1272 5076 sq.
