<?xml version="1.0" encoding="UTF-8"?>
<!DOCTYPE html PUBLIC "-//W3C//DTD XHTML 1.0 Transitional//EN"
    "http://www.w3.org/TR/xhtml1/DTD/xhtml1-transitional.dtd">
<html xmlns="http://www.w3.org/1999/xhtml" xml:lang="en" lang="en">
 <head>
  <title>
</title>
<meta http-equiv="Content-Type" content="text/html;charset=utf-8" />
  <meta name='ocr-system' content='tesseract 3.04.00' />
  <meta name='ocr-capabilities' content='ocr_page ocr_carea ocr_par ocr_line ocrx_word'/>
</head>
<body>
  <div class='ocr_page' id='page_1' title='image "./patrumapostolic01hefegoog_0076.png"; bbox 0 0 3067 6450; ppageno 0'>
   <div class='ocr_carea' id='block_1_1' title="bbox 200 1170 1319 1240">
    <p class='ocr_par' dir='ltr' id='par_1_1' title="bbox 200 1170 1319 1240">
     <span class='ocr_line' id='line_1_1' title="bbox 200 1170 1319 1240; baseline -0.004 -10"><span class='ocrx_word' id='word_1_1' title='bbox 200 1175 264 1230; x_wconf 81' lang='lat' dir='ltr'><strong>txx</strong></span> <span class='ocrx_word' id='word_1_2' title='bbox 639 1170 885 1226; x_wconf 77' lang='lat' dir='ltr'><strong>raotsooustta</strong></span> <span class='ocrx_word' id='word_1_3' title='bbox 1119 1170 1319 1240; x_wconf 67' lang='lat' dir='ltr'><strong>[uanum</strong></span> 
     </span>
    </p>
   </div>
   <div class='ocr_carea' id='block_1_2' title="bbox 201 1330 1326 2355">
    <p class='ocr_par' dir='ltr' id='par_1_2' title="bbox 201 1330 1326 2355">
     <span class='ocr_line' id='line_1_2' title="bbox 202 1330 1322 1414; baseline -0.004 -14"><span class='ocrx_word' id='word_1_4' title='bbox 202 1343 231 1401; x_wconf 89' lang='lat' dir='ltr'><strong>et</strong></span> <span class='ocrx_word' id='word_1_5' title='bbox 264 1335 338 1398; x_wconf 89' lang='lat' dir='ltr'><strong>aliis.</strong></span> <span class='ocrx_word' id='word_1_6' title='bbox 383 1332 523 1395; x_wconf 90' lang='lat' dir='ltr'><strong>Dallaeus</strong></span> <span class='ocrx_word' id='word_1_7' title='bbox 553 1350 644 1410; x_wconf 85' lang='lat' dir='ltr'><strong>aero,</strong></span> <span class='ocrx_word' id='word_1_8' title='bbox 676 1338 707 1394; x_wconf 91' lang='lat' dir='ltr'><strong>ut</strong></span> <span class='ocrx_word' id='word_1_9' title='bbox 738 1331 830 1412; x_wconf 92' lang='lat' dir='ltr'><strong>ipsius</strong></span> <span class='ocrx_word' id='word_1_10' title='bbox 854 1330 882 1394; x_wconf 87' lang='lat' dir='ltr'><strong>S.</strong></span> <span class='ocrx_word' id='word_1_11' title='bbox 906 1331 1043 1414; x_wconf 77' lang='lat' dir='ltr'><strong>Martyris</strong></span> <span class='ocrx_word' id='word_1_12' title='bbox 1073 1331 1205 1412; x_wconf 89' lang='lat' dir='ltr'><strong>scripta,</strong></span> <span class='ocrx_word' id='word_1_13' title='bbox 1234 1332 1322 1395; x_wconf 86' lang='lat' dir='ltr'><strong>itaet</strong></span> 
     </span>
     <span class='ocr_line' id='line_1_3' title="bbox 201 1434 1322 1520; baseline -0.004 -17"><span class='ocrx_word' id='word_1_14' title='bbox 201 1441 276 1504; x_wconf 81' lang='lat' dir='ltr'><strong>Acta</strong></span> <span class='ocrx_word' id='word_1_15' title='bbox 307 1436 441 1520; x_wconf 87' lang='lat' dir='ltr'><strong>ejusdem</strong></span> <span class='ocrx_word' id='word_1_16' title='bbox 471 1454 526 1517; x_wconf 88' lang='lat' dir='ltr'><strong>pro</strong></span> <span class='ocrx_word' id='word_1_17' title='bbox 557 1436 750 1517; x_wconf 68' lang='lat' dir='ltr'><strong>supposititiis</strong></span> <span class='ocrx_word' id='word_1_18' title='bbox 783 1434 900 1512; x_wconf 79' lang='lat' dir='ltr'><strong>habuit3</strong></span> <span class='ocrx_word' id='word_1_19' title='bbox 933 1435 986 1499; x_wconf 87' lang='lat' dir='ltr'><strong>sed</strong></span> <span class='ocrx_word' id='word_1_20' title='bbox 1014 1436 1089 1498; x_wconf 90' lang='lat' dir='ltr'><strong>sicut</strong></span> <span class='ocrx_word' id='word_1_21' title='bbox 1119 1436 1260 1515; x_wconf 89' lang='lat' dir='ltr'><strong>illorum,</strong></span> <span class='ocrx_word' id='word_1_22' title='bbox 1291 1438 1322 1498; x_wconf 89' lang='lat' dir='ltr'><strong>itr</strong></span> 
     </span>
     <span class='ocr_line' id='line_1_4' title="bbox 202 1538 1323 1622; baseline -0.004 -15"><span class='ocrx_word' id='word_1_23' title='bbox 202 1545 309 1611; x_wconf 88' lang='lat' dir='ltr'><strong>borum</strong></span> <span class='ocrx_word' id='word_1_24' title='bbox 348 1560 469 1622; x_wconf 90' lang='lat' dir='ltr'><strong>quoque</strong></span> <span class='ocrx_word' id='word_1_25' title='bbox 506 1539 713 1603; x_wconf 83' lang='lat' dir='ltr'><strong>defensionem</strong></span> <span class='ocrx_word' id='word_1_26' title='bbox 752 1541 885 1620; x_wconf 80' lang='lat' dir='ltr'><strong>suscepit</strong></span> <span class='ocrx_word' id='word_1_27' title='bbox 922 1538 1111 1603; x_wconf 87' lang='lat' dir='ltr'><strong>doctissimus</strong></span> <span class='ocrx_word' id='word_1_28' title='bbox 1150 1541 1323 1603; x_wconf 85' lang='lat' dir='ltr'><strong>Pearsonius</strong></span> 
     </span>
     <span class='ocr_line' id='line_1_5' title="bbox 202 1639 1323 1727; baseline -0.004 -17"><span class='ocrx_word' id='word_1_29' title='bbox 202 1649 231 1710; x_wconf 86' lang='lat' dir='ltr'><strong>P.</strong></span> <span class='ocrx_word' id='word_1_30' title='bbox 248 1646 280 1708; x_wconf 92' lang='grc'><strong>11.</strong></span> <span class='ocrx_word' id='word_1_31' title='bbox 304 1645 416 1708; x_wconf 87' lang='lat' dir='ltr'><strong>Vindio.</strong></span> <span class='ocrx_word' id='word_1_32' title='bbox 440 1645 531 1726; x_wconf 89' lang='lat' dir='ltr'><strong>Epist.</strong></span> <span class='ocrx_word' id='word_1_33' title='bbox 555 1644 584 1708; x_wconf 92' lang='lat' dir='ltr'><strong>S.</strong></span> <span class='ocrx_word' id='word_1_34' title='bbox 606 1644 668 1727; x_wconf 85' lang='lat' dir='ltr'><strong>lgn.</strong></span> <span class='ocrx_word' id='word_1_35' title='bbox 693 1663 717 1706; x_wconf 91' lang='lat' dir='ltr'><strong>o.</strong></span> <span class='ocrx_word' id='word_1_36' title='bbox 742 1639 834 1725; x_wconf 76' lang='lat'><strong>12¹).</strong></span> <span class='ocrx_word' id='word_1_37' title='bbox 879 1644 1000 1706; x_wconf 77' lang='lat' dir='ltr'><strong>Praeter</strong></span> <span class='ocrx_word' id='word_1_38' title='bbox 1021 1644 1174 1707; x_wconf 82' lang='lat' dir='ltr'><strong>Deliacum</strong></span> <span class='ocrx_word' id='word_1_39' title='bbox 1197 1645 1323 1708; x_wconf 89' lang='lat' dir='ltr'><strong>Oudinus</strong></span> 
     </span>
     <span class='ocr_line' id='line_1_6' title="bbox 203 1744 1324 1833; baseline -0.004 -19"><span class='ocrx_word' id='word_1_40' title='bbox 203 1769 333 1833; x_wconf 84' lang='lat' dir='ltr'><strong>quoque,</strong></span> <span class='ocrx_word' id='word_1_41' title='bbox 358 1750 548 1812; x_wconf 88' lang='lat' dir='ltr'><strong>Heumannus</strong></span> <span class='ocrx_word' id='word_1_42' title='bbox 564 1749 667 1826; x_wconf 91' lang='lat' dir='ltr'><strong>etalii,</strong></span> <span class='ocrx_word' id='word_1_43' title='bbox 690 1748 862 1829; x_wconf 87' lang='lat' dir='ltr'><strong>nuperrime</strong></span> <span class='ocrx_word' id='word_1_44' title='bbox 877 1747 1046 1830; x_wconf 80' lang='lat' dir='ltr'><strong>Hilgenfeld</strong></span> <span class='ocrx_word' id='word_1_45' title='bbox 1057 1744 1090 1830; x_wconf 81' lang='lat'><strong>²)</strong></span> <span class='ocrx_word' id='word_1_46' title='bbox 1106 1755 1139 1810; x_wconf 90' lang='lat' dir='ltr'><strong>et</strong></span> <span class='ocrx_word' id='word_1_47' title='bbox 1154 1750 1324 1830; x_wconf 85' lang='lat' dir='ltr'><strong>pracsertim</strong></span> 
     </span>
     <span class='ocr_line' id='line_1_7' title="bbox 203 1850 1325 1936; baseline -0.004 -18"><span class='ocrx_word' id='word_1_48' title='bbox 203 1855 372 1918; x_wconf 93' lang='lat' dir='ltr'><strong>Uhlhoruus</strong></span> <span class='ocrx_word' id='word_1_49' title='bbox 386 1850 418 1936; x_wconf 76' lang='grc'><strong>8)</strong></span> <span class='ocrx_word' id='word_1_50' title='bbox 442 1853 621 1916; x_wconf 69' lang='lat' dir='ltr'><strong>authentiam</strong></span> <span class='ocrx_word' id='word_1_51' title='bbox 645 1858 778 1915; x_wconf 91' lang='lat' dir='ltr'><strong>actorum</strong></span> <span class='ocrx_word' id='word_1_52' title='bbox 801 1853 977 1935; x_wconf 81' lang='lat' dir='ltr'><strong>impugnare</strong></span> <span class='ocrx_word' id='word_1_53' title='bbox 998 1853 1115 1935; x_wconf 84' lang='lat' dir='ltr'><strong>agressi</strong></span> <span class='ocrx_word' id='word_1_54' title='bbox 1136 1859 1226 1915; x_wconf 90' lang='lat' dir='ltr'><strong>sunt:</strong></span> <span class='ocrx_word' id='word_1_55' title='bbox 1251 1850 1287 1936; x_wconf 87' lang='lat'><strong>1)</strong></span> <span class='ocrx_word' id='word_1_56' title='bbox 1306 1851 1325 1914; x_wconf 89' lang='lat' dir='ltr'><strong>E</strong></span> 
     </span>
     <span class='ocr_line' id='line_1_8' title="bbox 203 1957 1326 2041; baseline -0.005 -18"><span class='ocrx_word' id='word_1_57' title='bbox 203 1978 260 2023; x_wconf 87' lang='lat' dir='ltr'><strong>sex</strong></span> <span class='ocrx_word' id='word_1_58' title='bbox 292 1959 411 2041; x_wconf 91' lang='lat' dir='ltr'><strong>primis,</strong></span> <span class='ocrx_word' id='word_1_59' title='bbox 448 1958 566 2037; x_wconf 88' lang='lat' dir='ltr'><strong>dicunt,</strong></span> <span class='ocrx_word' id='word_1_60' title='bbox 599 1975 688 2020; x_wconf 88' lang='lat' dir='ltr'><strong>aerae</strong></span> <span class='ocrx_word' id='word_1_61' title='bbox 722 1957 901 2019; x_wconf 83' lang='lat' dir='ltr'><strong>christianae</strong></span> <span class='ocrx_word' id='word_1_62' title='bbox 935 1957 1044 2020; x_wconf 88' lang='lat' dir='ltr'><strong>seculis</strong></span> <span class='ocrx_word' id='word_1_63' title='bbox 1078 1957 1234 2020; x_wconf 88' lang='lat' dir='ltr'><strong>neminem</strong></span> <span class='ocrx_word' id='word_1_64' title='bbox 1266 1963 1326 2019; x_wconf 89' lang='lat' dir='ltr'><strong>ante</strong></span> 
     </span>
     <span class='ocr_line' id='line_1_9' title="bbox 204 2058 1326 2147; baseline -0.003 -21"><span class='ocrx_word' id='word_1_65' title='bbox 204 2062 362 2147; x_wconf 89' lang='lat' dir='ltr'><strong>Evagrium</strong></span> <span class='ocrx_word' id='word_1_66' title='bbox 386 2059 471 2144; x_wconf 89' lang='lat' dir='ltr'><strong>(hist.</strong></span> <span class='ocrx_word' id='word_1_67' title='bbox 497 2062 570 2125; x_wconf 90' lang='lat' dir='ltr'><strong>eccl.</strong></span> <span class='ocrx_word' id='word_1_68' title='bbox 593 2061 615 2139; x_wconf 91' lang='lat'><strong>1,</strong></span> <span class='ocrx_word' id='word_1_69' title='bbox 643 2058 700 2145; x_wconf 91' lang='grc'><strong>16)</strong></span> <span class='ocrx_word' id='word_1_70' title='bbox 724 2068 857 2125; x_wconf 86' lang='lat' dir='ltr'><strong>actorum</strong></span> <span class='ocrx_word' id='word_1_71' title='bbox 880 2062 997 2125; x_wconf 91' lang='lat' dir='ltr'><strong>illorum</strong></span> <span class='ocrx_word' id='word_1_72' title='bbox 1020 2061 1193 2124; x_wconf 87' lang='lat' dir='ltr'><strong>meminisse</strong></span> <span class='ocrx_word' id='word_1_73' title='bbox 1201 2081 1212 2138; x_wconf 92' lang='lat'>;</span> <span class='ocrx_word' id='word_1_74' title='bbox 1242 2079 1326 2143; x_wconf 88' lang='lat' dir='ltr'><strong>prae-</strong></span> 
     </span>
     <span class='ocr_line' id='line_1_10' title="bbox 204 2165 1326 2248; baseline -0.001 -17"><span class='ocrx_word' id='word_1_75' title='bbox 204 2169 306 2231; x_wconf 87' lang='lat' dir='ltr'><strong>sertim</strong></span> <span class='ocrx_word' id='word_1_76' title='bbox 339 2165 397 2230; x_wconf 89' lang='lat' dir='ltr'><strong>nec</strong></span> <span class='ocrx_word' id='word_1_77' title='bbox 431 2166 590 2230; x_wconf 86' lang='lat' dir='ltr'><strong>Eusebium</strong></span> <span class='ocrx_word' id='word_1_78' title='bbox 625 2166 870 2245; x_wconf 88' lang='lat' dir='ltr'><strong>caesariensem,</strong></span> <span class='ocrx_word' id='word_1_79' title='bbox 903 2184 960 2228; x_wconf 91' lang='lat' dir='ltr'><strong>uec</strong></span> <span class='ocrx_word' id='word_1_80' title='bbox 996 2167 1245 2248; x_wconf 78' lang='lat' dir='ltr'><strong>chrysostomum</strong></span> <span class='ocrx_word' id='word_1_81' title='bbox 1278 2185 1326 2230; x_wconf 84' lang='lat' dir='ltr'><strong>ner</strong></span> 
     </span>
     <span class='ocr_line' id='line_1_11' title="bbox 205 2270 1326 2355; baseline -0.001 -20"><span class='ocrx_word' id='word_1_82' title='bbox 205 2280 341 2335; x_wconf 90' lang='lat' dir='ltr'><strong>autorem</strong></span> <span class='ocrx_word' id='word_1_83' title='bbox 365 2270 504 2333; x_wconf 84' lang='lat' dir='ltr'><strong>chronici</strong></span> <span class='ocrx_word' id='word_1_84' title='bbox 526 2271 682 2352; x_wconf 89' lang='lat' dir='ltr'><strong>paschalis,</strong></span> <span class='ocrx_word' id='word_1_85' title='bbox 705 2271 744 2334; x_wconf 91' lang='lat' dir='ltr'><strong>de</strong></span> <span class='ocrx_word' id='word_1_86' title='bbox 767 2272 882 2355; x_wconf 88' lang='lat' dir='ltr'><strong>Ignatio</strong></span> <span class='ocrx_word' id='word_1_87' title='bbox 906 2277 936 2333; x_wconf 89' lang='lat' dir='ltr'><strong>et</strong></span> <span class='ocrx_word' id='word_1_88' title='bbox 957 2273 1023 2354; x_wconf 87' lang='lat' dir='ltr'><strong>ejus</strong></span> <span class='ocrx_word' id='word_1_89' title='bbox 1044 2279 1141 2335; x_wconf 91' lang='lat' dir='ltr'><strong>morte</strong></span> <span class='ocrx_word' id='word_1_90' title='bbox 1163 2272 1326 2354; x_wconf 83' lang='lat' dir='ltr'><strong>loquentes,</strong></span> 
     </span>
    </p>
   </div>
   <div class='ocr_carea' id='block_1_3' title="bbox 83 2374 1328 2563">
    <p class='ocr_par' dir='ltr' id='par_1_3' title="bbox 83 2374 1328 2563">
     <span class='ocr_line' id='line_1_12' title="bbox 83 2374 1327 2459; baseline -0.002 -20"><span class='ocrx_word' id='word_1_91' title='bbox 83 2427 90 2439; x_wconf 79' lang='grc'><em>,</em></span> <span class='ocrx_word' id='word_1_92' title='bbox 206 2375 294 2458; x_wconf 78' lang='lat' dir='ltr'><strong>buJus</strong></span> <span class='ocrx_word' id='word_1_93' title='bbox 317 2375 384 2437; x_wconf 92' lang='lat' dir='ltr'><strong>libri</strong></span> <span class='ocrx_word' id='word_1_94' title='bbox 408 2374 588 2437; x_wconf 87' lang='lat' dir='ltr'><strong>mentionem</strong></span> <span class='ocrx_word' id='word_1_95' title='bbox 611 2375 728 2438; x_wconf 89' lang='lat' dir='ltr'><strong>fecissc.</strong></span> <span class='ocrx_word' id='word_1_96' title='bbox 751 2410 796 2422; x_wconf 92' lang='lat'><strong>--</strong></span> <span class='ocrx_word' id='word_1_97' title='bbox 817 2375 849 2438; x_wconf 90' lang='lat' dir='ltr'><strong>ld</strong></span> <span class='ocrx_word' id='word_1_98' title='bbox 872 2394 959 2439; x_wconf 91' lang='lat' dir='ltr'><strong>nemo</strong></span> <span class='ocrx_word' id='word_1_99' title='bbox 983 2378 1104 2459; x_wconf 88' lang='lat' dir='ltr'><strong>negabit</strong></span> <span class='ocrx_word' id='word_1_100' title='bbox 1111 2397 1121 2452; x_wconf 87' lang='lat'>;</span> <span class='ocrx_word' id='word_1_101' title='bbox 1151 2377 1208 2439; x_wconf 90' lang='lat' dir='ltr'><strong>sed</strong></span> <span class='ocrx_word' id='word_1_102' title='bbox 1232 2377 1327 2458; x_wconf 86' lang='lat' dir='ltr'><strong>partim</strong></span> 
     </span>
     <span class='ocr_line' id='line_1_13' title="bbox 85 2477 1328 2563; baseline -0.001 -21"><span class='ocrx_word' id='word_1_103' title='bbox 85 2492 88 2497; x_wconf 87' lang='grc'><em>·</em></span> <span class='ocrx_word' id='word_1_104' title='bbox 206 2478 388 2560; x_wconf 91' lang='lat' dir='ltr'><strong>argumentis</strong></span> <span class='ocrx_word' id='word_1_105' title='bbox 412 2496 451 2539; x_wconf 85' lang='lat' dir='ltr'><strong>ex</strong></span> <span class='ocrx_word' id='word_1_106' title='bbox 474 2477 591 2541; x_wconf 92' lang='lat' dir='ltr'><strong>silentio</strong></span> <span class='ocrx_word' id='word_1_107' title='bbox 616 2480 673 2543; x_wconf 87' lang='lat' dir='ltr'><strong>vim</strong></span> <span class='ocrx_word' id='word_1_108' title='bbox 697 2498 833 2563; x_wconf 88' lang='lat' dir='ltr'><strong>magnam</strong></span> <span class='ocrx_word' id='word_1_109' title='bbox 856 2499 915 2543; x_wconf 93' lang='lat' dir='ltr'><strong>uon</strong></span> <span class='ocrx_word' id='word_1_110' title='bbox 939 2481 1040 2544; x_wconf 85' lang='lat' dir='ltr'><strong>inesse</strong></span> <span class='ocrx_word' id='word_1_111' title='bbox 1069 2487 1257 2563; x_wconf 87' lang='lat' dir='ltr'><strong>compertum</strong></span> <span class='ocrx_word' id='word_1_112' title='bbox 1279 2487 1328 2556; x_wconf 81' lang='lat' dir='ltr'><strong>est,</strong></span> 
     </span>
    </p>
   </div>
   <div class='ocr_carea' id='block_1_4' title="bbox 118 2581 1341 4748">
    <p class='ocr_par' dir='ltr' id='par_1_4' title="bbox 118 2581 1341 4748">
     <span class='ocr_line' id='line_1_14' title="bbox 207 2581 1328 2669; baseline 0.003 -27"><span class='ocrx_word' id='word_1_113' title='bbox 207 2582 311 2663; x_wconf 89' lang='lat' dir='ltr'><strong>partim</strong></span> <span class='ocrx_word' id='word_1_114' title='bbox 335 2600 380 2660; x_wconf 90' lang='lat' dir='ltr'><strong>ca,</strong></span> <span class='ocrx_word' id='word_1_115' title='bbox 404 2600 481 2662; x_wconf 89' lang='lat' dir='ltr'><strong>quae</strong></span> <span class='ocrx_word' id='word_1_116' title='bbox 496 2581 643 2645; x_wconf 86' lang='lat' dir='ltr'><strong>Eusebius</strong></span> <span class='ocrx_word' id='word_1_117' title='bbox 667 2590 697 2646; x_wconf 90' lang='lat' dir='ltr'><strong>ct</strong></span> <span class='ocrx_word' id='word_1_118' title='bbox 712 2583 944 2666; x_wconf 81' lang='lat' dir='ltr'><strong>chrysostomus</strong></span> <span class='ocrx_word' id='word_1_119' title='bbox 966 2583 1004 2646; x_wconf 88' lang='lat' dir='ltr'><strong>de</strong></span> <span class='ocrx_word' id='word_1_120' title='bbox 1020 2584 1049 2648; x_wconf 87' lang='lat' dir='ltr'><strong>S.</strong></span> <span class='ocrx_word' id='word_1_121' title='bbox 1064 2585 1179 2669; x_wconf 86' lang='lat' dir='ltr'><strong>ignatio</strong></span> <span class='ocrx_word' id='word_1_122' title='bbox 1204 2590 1328 2661; x_wconf 78' lang='lat' dir='ltr'><strong>narrant,</strong></span> 
     </span>
     <span class='ocr_line' id='line_1_15' title="bbox 208 2687 1329 2769; baseline 0.002 -22"><span class='ocrx_word' id='word_1_123' title='bbox 208 2703 274 2747; x_wconf 93' lang='lat' dir='ltr'><strong>cum</strong></span> <span class='ocrx_word' id='word_1_124' title='bbox 308 2687 380 2748; x_wconf 89' lang='lat' dir='ltr'><strong>actis</strong></span> <span class='ocrx_word' id='word_1_125' title='bbox 414 2688 545 2768; x_wconf 82' lang='lat' dir='ltr'><strong>martyrii</strong></span> <span class='ocrx_word' id='word_1_126' title='bbox 581 2688 647 2769; x_wconf 83' lang='lat' dir='ltr'><strong>eJ‘us</strong></span> <span class='ocrx_word' id='word_1_127' title='bbox 680 2689 814 2769; x_wconf 89' lang='lat' dir='ltr'><strong>perbene</strong></span> <span class='ocrx_word' id='word_1_128' title='bbox 848 2690 1048 2769; x_wconf 89' lang='lat' dir='ltr'><strong>concordant,</strong></span> <span class='ocrx_word' id='word_1_129' title='bbox 1079 2691 1117 2753; x_wconf 91' lang='lat' dir='ltr'><strong>ita</strong></span> <span class='ocrx_word' id='word_1_130' title='bbox 1153 2697 1184 2753; x_wconf 92' lang='lat' dir='ltr'><strong>ut</strong></span> <span class='ocrx_word' id='word_1_131' title='bbox 1218 2709 1259 2753; x_wconf 83' lang='lat' dir='ltr'><strong>ex</strong></span> <span class='ocrx_word' id='word_1_132' title='bbox 1289 2689 1329 2751; x_wconf 80' lang='lat' dir='ltr'><strong>his</strong></span> 
     </span>
     <span class='ocr_line' id='line_1_16' title="bbox 209 2789 1330 2857; baseline 0.004 -7"><span class='ocrx_word' id='word_1_133' title='bbox 209 2789 338 2852; x_wconf 89' lang='lat' dir='ltr'><strong>fortasse</strong></span> <span class='ocrx_word' id='word_1_134' title='bbox 359 2789 465 2852; x_wconf 91' lang='lat' dir='ltr'><strong>hausta</strong></span> <span class='ocrx_word' id='word_1_135' title='bbox 488 2790 652 2854; x_wconf 89' lang='lat' dir='ltr'><strong>videantur.</strong></span> <span class='ocrx_word' id='word_1_136' title='bbox 698 2790 735 2853; x_wconf 93' lang='lat' dir='ltr'><strong>Et</strong></span> <span class='ocrx_word' id='word_1_137' title='bbox 757 2793 835 2855; x_wconf 92' lang='lat' dir='ltr'><strong>iuter</strong></span> <span class='ocrx_word' id='word_1_138' title='bbox 857 2801 978 2857; x_wconf 90' lang='lat' dir='ltr'><strong>nostros</strong></span> <span class='ocrx_word' id='word_1_139' title='bbox 1001 2794 1083 2857; x_wconf 87' lang='lat' dir='ltr'><strong>multi</strong></span> <span class='ocrx_word' id='word_1_140' title='bbox 1106 2795 1136 2857; x_wconf 94' lang='lat' dir='ltr'><strong>in</strong></span> <span class='ocrx_word' id='word_1_141' title='bbox 1158 2793 1237 2856; x_wconf 89' lang='lat' dir='ltr'><strong>festo</strong></span> <span class='ocrx_word' id='word_1_142' title='bbox 1253 2793 1330 2856; x_wconf 83' lang='lat' dir='ltr'><strong>llar-</strong></span> 
     </span>
     <span class='ocr_line' id='line_1_17' title="bbox 210 2892 1330 2980; baseline 0.001 -24"><span class='ocrx_word' id='word_1_143' title='bbox 210 2895 282 2974; x_wconf 82' lang='lat' dir='ltr'><strong>tyris</strong></span> <span class='ocrx_word' id='word_1_144' title='bbox 312 2894 436 2976; x_wconf 90' lang='lat' dir='ltr'><strong>alicujus</strong></span> <span class='ocrx_word' id='word_1_145' title='bbox 466 2892 504 2955; x_wconf 90' lang='lat' dir='ltr'><strong>de</strong></span> <span class='ocrx_word' id='word_1_146' title='bbox 534 2894 593 2954; x_wconf 81' lang='lat' dir='ltr'><strong>uita</strong></span> <span class='ocrx_word' id='word_1_147' title='bbox 625 2900 654 2956; x_wconf 90' lang='lat' dir='ltr'><strong>et</strong></span> <span class='ocrx_word' id='word_1_148' title='bbox 683 2895 842 2957; x_wconf 81' lang='lat' dir='ltr'><strong>uirtutibus</strong></span> <span class='ocrx_word' id='word_1_149' title='bbox 871 2903 902 2958; x_wconf 93' lang='lat' dir='ltr'><strong>et</strong></span> <span class='ocrx_word' id='word_1_150' title='bbox 931 2904 1027 2960; x_wconf 91' lang='lat' dir='ltr'><strong>morte</strong></span> <span class='ocrx_word' id='word_1_151' title='bbox 1058 2899 1123 2980; x_wconf 89' lang='lat' dir='ltr'><strong>ejus</strong></span> <span class='ocrx_word' id='word_1_152' title='bbox 1152 2898 1183 2959; x_wconf 92' lang='lat' dir='ltr'><strong>in</strong></span> <span class='ocrx_word' id='word_1_153' title='bbox 1212 2897 1330 2979; x_wconf 85' lang='lat' dir='ltr'><strong>publicis</strong></span> 
     </span>
     <span class='ocr_line' id='line_1_18' title="bbox 118 2997 1330 3085; baseline 0.001 -25"><span class='ocrx_word' id='word_1_154' title='bbox 118 3018 121 3031; x_wconf 74' lang='lat'><em>¹</em></span> <span class='ocrx_word' id='word_1_155' title='bbox 210 2999 405 3061; x_wconf 88' lang='lat' dir='ltr'><strong>concionibus</strong></span> <span class='ocrx_word' id='word_1_156' title='bbox 434 2998 645 3061; x_wconf 89' lang='lat' dir='ltr'><strong>ecciesiasticis</strong></span> <span class='ocrx_word' id='word_1_157' title='bbox 675 3000 767 3062; x_wconf 89' lang='lat' dir='ltr'><strong>verba</strong></span> <span class='ocrx_word' id='word_1_158' title='bbox 799 2999 909 3062; x_wconf 90' lang='lat' dir='ltr'><strong>faciunt</strong></span> <span class='ocrx_word' id='word_1_159' title='bbox 937 2997 989 3085; x_wconf 83' lang='lat' dir='ltr'><strong>(ut</strong></span> <span class='ocrx_word' id='word_1_160' title='bbox 1012 3001 1080 3064; x_wconf 92' lang='lat' dir='ltr'><strong>olim</strong></span> <span class='ocrx_word' id='word_1_161' title='bbox 1104 3000 1330 3084; x_wconf 77' lang='lat' dir='ltr'><strong>Chrysostomus</strong></span> 
     </span>
     <span class='ocr_line' id='line_1_19' title="bbox 209 3099 1330 3187; baseline -0.001 -22"><span class='ocrx_word' id='word_1_162' title='bbox 209 3104 239 3165; x_wconf 94' lang='lat' dir='ltr'><strong>in</strong></span> <span class='ocrx_word' id='word_1_163' title='bbox 256 3101 332 3164; x_wconf 88' lang='lat' dir='ltr'><strong>festo</strong></span> <span class='ocrx_word' id='word_1_164' title='bbox 349 3099 482 3186; x_wconf 86' lang='lat' dir='ltr'><strong>ignatii),</strong></span> <span class='ocrx_word' id='word_1_165' title='bbox 507 3103 577 3184; x_wconf 88' lang='lat' dir='ltr'><strong>quin</strong></span> <span class='ocrx_word' id='word_1_166' title='bbox 600 3102 638 3164; x_wconf 91' lang='lat' dir='ltr'><strong>ad</strong></span> <span class='ocrx_word' id='word_1_167' title='bbox 661 3111 726 3166; x_wconf 90' lang='lat' dir='ltr'><strong>acta</strong></span> <span class='ocrx_word' id='word_1_168' title='bbox 752 3104 882 3184; x_wconf 76' lang='lat' dir='ltr'><strong>martyrii</strong></span> <span class='ocrx_word' id='word_1_169' title='bbox 904 3106 969 3186; x_wconf 88' lang='lat' dir='ltr'><strong>ejus</strong></span> <span class='ocrx_word' id='word_1_170' title='bbox 991 3123 1136 3187; x_wconf 89' lang='lat' dir='ltr'><strong>expresse</strong></span> <span class='ocrx_word' id='word_1_171' title='bbox 1159 3109 1330 3187; x_wconf 86' lang='lat' dir='ltr'><strong>provocent</strong></span> 
     </span>
     <span class='ocr_line' id='line_1_20' title="bbox 210 3204 1333 3293; baseline 0.001 -25"><span class='ocrx_word' id='word_1_172' title='bbox 210 3204 250 3290; x_wconf 78' lang='lat'><strong>2)</strong></span> <span class='ocrx_word' id='word_1_173' title='bbox 279 3206 477 3271; x_wconf 80' lang='lat' dir='ltr'><strong>Adversarius</strong></span> <span class='ocrx_word' id='word_1_174' title='bbox 509 3208 534 3270; x_wconf 92' lang='lat' dir='ltr'><strong>si</strong></span> <span class='ocrx_word' id='word_1_175' title='bbox 563 3207 683 3288; x_wconf 87' lang='lat' dir='ltr'><strong>audias,</strong></span> <span class='ocrx_word' id='word_1_176' title='bbox 714 3206 864 3271; x_wconf 88' lang='lat' dir='ltr'><strong>Eusebius</strong></span> <span class='ocrx_word' id='word_1_177' title='bbox 892 3206 942 3292; x_wconf 87' lang='lat' dir='ltr'><strong>(iu</strong></span> <span class='ocrx_word' id='word_1_178' title='bbox 972 3205 1141 3293; x_wconf 89' lang='lat' dir='ltr'><strong>chronico)</strong></span> <span class='ocrx_word' id='word_1_179' title='bbox 1174 3215 1205 3273; x_wconf 90' lang='lat' dir='ltr'><strong>et</strong></span> <span class='ocrx_word' id='word_1_180' title='bbox 1235 3215 1333 3273; x_wconf 91' lang='lat' dir='ltr'><strong>auctor</strong></span> 
     </span>
     <span class='ocr_line' id='line_1_21' title="bbox 210 3311 1332 3397; baseline -0.002 -22"><span class='ocrx_word' id='word_1_181' title='bbox 210 3311 350 3375; x_wconf 92' lang='lat' dir='ltr'><strong>chronici</strong></span> <span class='ocrx_word' id='word_1_182' title='bbox 373 3312 520 3393; x_wconf 89' lang='lat' dir='ltr'><strong>paschaiis</strong></span> <span class='ocrx_word' id='word_1_183' title='bbox 545 3314 617 3375; x_wconf 90' lang='lat' dir='ltr'><strong>actis</strong></span> <span class='ocrx_word' id='word_1_184' title='bbox 641 3311 751 3374; x_wconf 90' lang='lat' dir='ltr'><strong>uostris</strong></span> <span class='ocrx_word' id='word_1_185' title='bbox 768 3318 871 3392; x_wconf 90' lang='lat' dir='ltr'><strong>aperte</strong></span> <span class='ocrx_word' id='word_1_186' title='bbox 888 3315 1108 3377; x_wconf 89' lang='lat' dir='ltr'><strong>contradicunt:</strong></span> <span class='ocrx_word' id='word_1_187' title='bbox 1131 3312 1172 3397; x_wconf 88' lang='grc' dir='ltr'><strong>α)</strong></span> <span class='ocrx_word' id='word_1_188' title='bbox 1195 3314 1230 3378; x_wconf 91' lang='lat' dir='ltr'><strong>ln</strong></span> <span class='ocrx_word' id='word_1_189' title='bbox 1254 3314 1332 3391; x_wconf 88' lang='lat' dir='ltr'><strong>actis,</strong></span> 
     </span>
     <span class='ocr_line' id='line_1_22' title="bbox 210 3414 1333 3502; baseline -0.001 -23"><span class='ocrx_word' id='word_1_190' title='bbox 210 3416 329 3495; x_wconf 88' lang='lat' dir='ltr'><strong>dicunt,</strong></span> <span class='ocrx_word' id='word_1_191' title='bbox 359 3417 501 3499; x_wconf 88' lang='lat' dir='ltr'><strong>legimus,</strong></span> <span class='ocrx_word' id='word_1_192' title='bbox 534 3417 693 3499; x_wconf 77' lang='lat' dir='ltr'><strong>&#39;trajanum</strong></span> <span class='ocrx_word' id='word_1_193' title='bbox 723 3414 909 3481; x_wconf 81' lang='lat' dir='ltr'><strong>Antiochiae</strong></span> <span class='ocrx_word' id='word_1_194' title='bbox 936 3418 1080 3502; x_wconf 89' lang='lat' dir='ltr'><strong>ignatium</strong></span> <span class='ocrx_word' id='word_1_195' title='bbox 1109 3417 1333 3481; x_wconf 81' lang='lat' dir='ltr'><strong>condemnasse.</strong></span> 
     </span>
     <span class='ocr_line' id='line_1_23' title="bbox 210 3520 1334 3613; baseline -0.001 -30"><span class='ocrx_word' id='word_1_196' title='bbox 210 3520 357 3583; x_wconf 90' lang='lat' dir='ltr'><strong>Eusebius</strong></span> <span class='ocrx_word' id='word_1_197' title='bbox 392 3528 489 3583; x_wconf 91' lang='lat' dir='ltr'><strong>autem</strong></span> <span class='ocrx_word' id='word_1_198' title='bbox 520 3522 550 3583; x_wconf 91' lang='lat' dir='ltr'><strong>iu</strong></span> <span class='ocrx_word' id='word_1_199' title='bbox 582 3520 730 3584; x_wconf 87' lang='lat' dir='ltr'><strong>Chronico</strong></span> <span class='ocrx_word' id='word_1_200' title='bbox 752 3528 880 3613; x_wconf 29' lang='lat' dir='ltr'><strong>enarrat,</strong></span> <span class='ocrx_word' id='word_1_201' title='bbox 913 3522 1073 3605; x_wconf 86' lang='lat' dir='ltr'><strong>Trajanum</strong></span> <span class='ocrx_word' id='word_1_202' title='bbox 1104 3531 1180 3602; x_wconf 80' lang='lat' dir='ltr'><strong>port</strong></span> <span class='ocrx_word' id='word_1_203' title='bbox 1211 3530 1334 3586; x_wconf 86' lang='lat' dir='ltr'><strong>mortem</strong></span> 
     </span>
     <span class='ocr_line' id='line_1_24' title="bbox 210 3623 1334 3709; baseline -0.001 -21"><span class='ocrx_word' id='word_1_204' title='bbox 210 3625 315 3707; x_wconf 86' lang='lat' dir='ltr'><strong>Ignatii</strong></span> <span class='ocrx_word' id='word_1_205' title='bbox 331 3626 516 3689; x_wconf 81' lang='lat' dir='ltr'><strong>Antiochiam</strong></span> <span class='ocrx_word' id='word_1_206' title='bbox 531 3627 669 3702; x_wconf 81' lang='lat' dir='ltr'><strong>venisse3</strong></span> <span class='ocrx_word' id='word_1_207' title='bbox 691 3623 733 3709; x_wconf 84' lang='grc' dir='ltr'><strong>β)</strong></span> <span class='ocrx_word' id='word_1_208' title='bbox 756 3625 832 3689; x_wconf 80' lang='lat' dir='ltr'><strong>Acta</strong></span> <span class='ocrx_word' id='word_1_209' title='bbox 849 3626 993 3708; x_wconf 88' lang='lat' dir='ltr'><strong>ignatium</strong></span> <span class='ocrx_word' id='word_1_210' title='bbox 1015 3646 1098 3690; x_wconf 85' lang='lat' dir='ltr'><strong>nono</strong></span> <span class='ocrx_word' id='word_1_211' title='bbox 1114 3627 1235 3708; x_wconf 87' lang='lat' dir='ltr'><strong>Trajani</strong></span> <span class='ocrx_word' id='word_1_212' title='bbox 1260 3642 1334 3688; x_wconf 88' lang='lat' dir='ltr'><strong>auno</strong></span> 
     </span>
     <span class='ocr_line' id='line_1_25' title="bbox 210 3723 1335 3812; baseline 0.002 -23"><span class='ocrx_word' id='word_1_213' title='bbox 210 3723 316 3810; x_wconf 79' lang='lat'>(107)</span> <span class='ocrx_word' id='word_1_214' title='bbox 346 3736 470 3791; x_wconf 87' lang='lat' dir='ltr'><strong>mortem</strong></span> <span class='ocrx_word' id='word_1_215' title='bbox 499 3729 611 3792; x_wconf 87' lang='lat' dir='ltr'><strong>obiisse</strong></span> <span class='ocrx_word' id='word_1_216' title='bbox 640 3728 842 3808; x_wconf 87' lang='lat' dir='ltr'><strong>contendunt,</strong></span> <span class='ocrx_word' id='word_1_217' title='bbox 872 3730 1042 3794; x_wconf 86' lang='lat' dir='ltr'><strong>chronicon</strong></span> <span class='ocrx_word' id='word_1_218' title='bbox 1072 3737 1169 3793; x_wconf 87' lang='lat' dir='ltr'><strong>autem</strong></span> <span class='ocrx_word' id='word_1_219' title='bbox 1197 3729 1335 3812; x_wconf 84' lang='lat' dir='ltr'><strong>paschale</strong></span> 
     </span>
     <span class='ocr_line' id='line_1_26' title="bbox 212 3828 1337 3916; baseline 0 -23"><span class='ocrx_word' id='word_1_220' title='bbox 212 3832 383 3913; x_wconf 82' lang='lat' dir='ltr'><strong>martyrium</strong></span> <span class='ocrx_word' id='word_1_221' title='bbox 407 3834 473 3915; x_wconf 90' lang='lat' dir='ltr'><strong>ejus</strong></span> <span class='ocrx_word' id='word_1_222' title='bbox 496 3850 575 3894; x_wconf 89' lang='lat' dir='ltr'><strong>anno</strong></span> <span class='ocrx_word' id='word_1_223' title='bbox 601 3828 661 3896; x_wconf 88' lang='lat'><strong>105</strong></span> <span class='ocrx_word' id='word_1_224' title='bbox 678 3834 820 3915; x_wconf 89' lang='lat' dir='ltr'><strong>assignat.</strong></span> <span class='ocrx_word' id='word_1_225' title='bbox 844 3869 885 3878; x_wconf 96' lang='lat'>—</span> <span class='ocrx_word' id='word_1_226' title='bbox 909 3834 1107 3916; x_wconf 86' lang='lat' dir='ltr'><strong>Respondeo:</strong></span> <span class='ocrx_word' id='word_1_227' title='bbox 1130 3831 1168 3916; x_wconf 89' lang='lat' dir='ltr'><strong>a)</strong></span> <span class='ocrx_word' id='word_1_228' title='bbox 1191 3834 1337 3897; x_wconf 86' lang='lat' dir='ltr'><strong>Ponamua</strong></span> 
     </span>
     <span class='ocr_line' id='line_1_27' title="bbox 212 3934 1337 4018; baseline 0.001 -22"><span class='ocrx_word' id='word_1_229' title='bbox 212 3935 308 4016; x_wconf 93' lang='lat' dir='ltr'><strong>primo</strong></span> <span class='ocrx_word' id='word_1_230' title='bbox 342 3941 427 3997; x_wconf 92' lang='lat' dir='ltr'><strong>nutas</strong></span> <span class='ocrx_word' id='word_1_231' title='bbox 461 3936 533 3997; x_wconf 89' lang='lat' dir='ltr'><strong>istas</strong></span> <span class='ocrx_word' id='word_1_232' title='bbox 564 3934 793 4018; x_wconf 88' lang='lat' dir='ltr'><strong>chronologicas</strong></span> <span class='ocrx_word' id='word_1_233' title='bbox 825 3936 901 4018; x_wconf 90' lang='lat' dir='ltr'><strong>apud</strong></span> <span class='ocrx_word' id='word_1_234' title='bbox 930 3938 1091 4001; x_wconf 88' lang='lat' dir='ltr'><strong>Eusebium</strong></span> <span class='ocrx_word' id='word_1_235' title='bbox 1125 3944 1156 3999; x_wconf 90' lang='lat' dir='ltr'><strong>et</strong></span> <span class='ocrx_word' id='word_1_236' title='bbox 1186 3943 1337 4000; x_wconf 83' lang='lat' dir='ltr'><strong>auctorem</strong></span> 
     </span>
     <span class='ocr_line' id='line_1_28' title="bbox 213 4008 1338 4123; baseline 0.001 -22"><span class='ocrx_word' id='word_1_237' title='bbox 213 4039 353 4102; x_wconf 91' lang='lat' dir='ltr'><strong>chronici</strong></span> <span class='ocrx_word' id='word_1_238' title='bbox 380 4008 526 4121; x_wconf 69' lang='lat' dir='ltr'><strong>pusch⁸alis</strong></span> <span class='ocrx_word' id='word_1_239' title='bbox 550 4041 636 4122; x_wconf 88' lang='lat' dir='ltr'><strong>capiti</strong></span> <span class='ocrx_word' id='word_1_240' title='bbox 660 4040 680 4104; x_wconf 83' lang='lat'>2</span> <span class='ocrx_word' id='word_1_241' title='bbox 708 4046 841 4103; x_wconf 87' lang='lat' dir='ltr'><strong>actomm</strong></span> <span class='ocrx_word' id='word_1_242' title='bbox 871 4047 1040 4105; x_wconf 88' lang='lat' dir='ltr'><strong>nostrorum</strong></span> <span class='ocrx_word' id='word_1_243' title='bbox 1069 4042 1174 4123; x_wconf 86' lang='lat' dir='ltr'><strong>plane,</strong></span> <span class='ocrx_word' id='word_1_244' title='bbox 1203 4049 1238 4104; x_wconf 92' lang='lat' dir='ltr'><strong>ut</strong></span> <span class='ocrx_word' id='word_1_245' title='bbox 1264 4039 1338 4103; x_wconf 91' lang='lat' dir='ltr'><strong>Uhl-</strong></span> 
     </span>
     <span class='ocr_line' id='line_1_29' title="bbox 213 4142 1339 4227; baseline 0.001 -23"><span class='ocrx_word' id='word_1_246' title='bbox 213 4143 327 4205; x_wconf 90' lang='lat' dir='ltr'><strong>horuus</strong></span> <span class='ocrx_word' id='word_1_247' title='bbox 346 4149 439 4225; x_wconf 88' lang='lat' dir='ltr'><strong>putat,-</strong></span> <span class='ocrx_word' id='word_1_248' title='bbox 460 4162 630 4227; x_wconf 86' lang='lat' dir='ltr'><strong>repugnare</strong></span> <span class='ocrx_word' id='word_1_249' title='bbox 637 4165 647 4221; x_wconf 82' lang='lat'>3</span> <span class='ocrx_word' id='word_1_250' title='bbox 671 4143 741 4226; x_wconf 87' lang='lat' dir='ltr'><strong>quid</strong></span> <span class='ocrx_word' id='word_1_251' title='bbox 761 4146 857 4207; x_wconf 85' lang='lat' dir='ltr'><strong>tunc?</strong></span> <span class='ocrx_word' id='word_1_252' title='bbox 902 4146 967 4208; x_wconf 89' lang='lat' dir='ltr'><strong>Duo</strong></span> <span class='ocrx_word' id='word_1_253' title='bbox 990 4164 1112 4209; x_wconf 88' lang='lat' dir='ltr'><strong>errores</strong></span> <span class='ocrx_word' id='word_1_254' title='bbox 1131 4142 1339 4226; x_wconf 87' lang='lat' dir='ltr'><strong>chronologici</strong></span> 
     </span>
     <span class='ocr_line' id='line_1_30' title="bbox 213 4246 1339 4332; baseline 0 -23"><span class='ocrx_word' id='word_1_255' title='bbox 213 4266 275 4311; x_wconf 92' lang='lat' dir='ltr'><strong>uon</strong></span> <span class='ocrx_word' id='word_1_256' title='bbox 298 4249 456 4328; x_wconf 87' lang='lat' dir='ltr'><strong>evincunt,</strong></span> <span class='ocrx_word' id='word_1_257' title='bbox 479 4250 660 4332; x_wconf 87' lang='lat' dir='ltr'><strong>temporibus</strong></span> <span class='ocrx_word' id='word_1_258' title='bbox 682 4250 804 4313; x_wconf 85' lang='lat' dir='ltr'><strong>Eusebii</strong></span> <span class='ocrx_word' id='word_1_259' title='bbox 827 4257 857 4312; x_wconf 89' lang='lat' dir='ltr'><strong>et</strong></span> <span class='ocrx_word' id='word_1_260' title='bbox 879 4250 1009 4312; x_wconf 89' lang='lat' dir='ltr'><strong>auctoris</strong></span> <span class='ocrx_word' id='word_1_261' title='bbox 1031 4248 1171 4312; x_wconf 91' lang='lat' dir='ltr'><strong>chronici</strong></span> <span class='ocrx_word' id='word_1_262' title='bbox 1193 4246 1339 4329; x_wconf 79' lang='lat' dir='ltr'><strong>paschalis</strong></span> 
     </span>
     <span class='ocr_line' id='line_1_31' title="bbox 214 4352 1339 4435; baseline -0.001 -20"><span class='ocrx_word' id='word_1_263' title='bbox 214 4357 279 4415; x_wconf 92' lang='lat' dir='ltr'><strong>acta</strong></span> <span class='ocrx_word' id='word_1_264' title='bbox 309 4354 441 4432; x_wconf 83' lang='lat' dir='ltr'><strong>martyrii</strong></span> <span class='ocrx_word' id='word_1_265' title='bbox 470 4353 499 4417; x_wconf 91' lang='lat' dir='ltr'><strong>S.</strong></span> <span class='ocrx_word' id='word_1_266' title='bbox 522 4352 629 4435; x_wconf 88' lang='lat' dir='ltr'><strong>Ignatii</strong></span> <span class='ocrx_word' id='word_1_267' title='bbox 656 4354 787 4416; x_wconf 88' lang='lat' dir='ltr'><strong>nondum</strong></span> <span class='ocrx_word' id='word_1_268' title='bbox 818 4354 978 4417; x_wconf 88' lang='lat' dir='ltr'><strong>exstitisse.</strong></span> <span class='ocrx_word' id='word_1_269' title='bbox 1022 4354 1149 4435; x_wconf 86' lang='lat' dir='ltr'><strong>Respice</strong></span> <span class='ocrx_word' id='word_1_270' title='bbox 1175 4352 1339 4429; x_wconf 83' lang='lat' dir='ltr'><strong>Irenaeum,</strong></span> 
     </span>
     <span class='ocr_line' id='line_1_32' title="bbox 215 4454 1340 4545; baseline 0.001 -30"><span class='ocrx_word' id='word_1_271' title='bbox 215 4455 265 4535; x_wconf 85' lang='lat' dir='ltr'><strong>qui</strong></span> <span class='ocrx_word' id='word_1_272' title='bbox 302 4454 449 4517; x_wconf 85' lang='lat' dir='ltr'><strong>Christum</strong></span> <span class='ocrx_word' id='word_1_273' title='bbox 487 4462 612 4518; x_wconf 88' lang='lat' dir='ltr'><strong>aetatem</strong></span> <span class='ocrx_word' id='word_1_274' title='bbox 649 4476 745 4539; x_wconf 91' lang='lat' dir='ltr'><strong>paene</strong></span> <span class='ocrx_word' id='word_1_275' title='bbox 782 4455 824 4520; x_wconf 89' lang='grc'><strong>50</strong></span> <span class='ocrx_word' id='word_1_276' title='bbox 862 4475 1006 4545; x_wconf 82' lang='lat' dir='ltr'><strong>annorum</strong></span> <span class='ocrx_word' id='word_1_277' title='bbox 1043 4457 1177 4538; x_wconf 87' lang='lat' dir='ltr'><strong>attigisse</strong></span> <span class='ocrx_word' id='word_1_278' title='bbox 1214 4455 1340 4518; x_wconf 85' lang='lat' dir='ltr'><strong>affirmat</strong></span> 
     </span>
     <span class='ocr_line' id='line_1_33' title="bbox 216 4554 1340 4644; baseline 0.004 -27"><span class='ocrx_word' id='word_1_279' title='bbox 216 4554 301 4638; x_wconf 88' lang='lat' dir='ltr'><strong>(adv.</strong></span> <span class='ocrx_word' id='word_1_280' title='bbox 326 4557 406 4620; x_wconf 89' lang='lat' dir='ltr'><strong>haer.</strong></span> <span class='ocrx_word' id='word_1_281' title='bbox 429 4558 477 4621; x_wconf 92' lang='lat' dir='ltr'><strong>lib.</strong></span> <span class='ocrx_word' id='word_1_282' title='bbox 500 4558 533 4621; x_wconf 90' lang='lat' dir='ltr'><strong>li.</strong></span> <span class='ocrx_word' id='word_1_283' title='bbox 557 4578 582 4621; x_wconf 92' lang='lat' dir='ltr'><strong>c.</strong></span> <span class='ocrx_word' id='word_1_284' title='bbox 605 4555 656 4623; x_wconf 81' lang='lat'><strong>22.</strong></span> <span class='ocrx_word' id='word_1_285' title='bbox 680 4580 708 4623; x_wconf 91' lang='lat' dir='ltr'><strong>u.</strong></span> <span class='ocrx_word' id='word_1_286' title='bbox 731 4558 752 4623; x_wconf 85' lang='grc'>4</span> <span class='ocrx_word' id='word_1_287' title='bbox 771 4567 801 4623; x_wconf 95' lang='lat' dir='ltr'><strong>et</strong></span> <span class='ocrx_word' id='word_1_288' title='bbox 824 4558 873 4644; x_wconf 89' lang='lat'><strong>5).</strong></span> <span class='ocrx_word' id='word_1_289' title='bbox 917 4561 1048 4623; x_wconf 87' lang='lat' dir='ltr'><strong>Dicesne</strong></span> <span class='ocrx_word' id='word_1_290' title='bbox 1069 4561 1203 4638; x_wconf 80' lang='lat' dir='ltr'><strong>forsitan,</strong></span> <span class='ocrx_word' id='word_1_291' title='bbox 1224 4558 1340 4622; x_wconf 88' lang='lat' dir='ltr'><strong>irenaei</strong></span> 
     </span>
     <span class='ocr_line' id='line_1_34' title="bbox 216 4660 1341 4748; baseline 0.002 -24"><span class='ocrx_word' id='word_1_292' title='bbox 216 4662 399 4743; x_wconf 88' lang='lat' dir='ltr'><strong>temporibus</strong></span> <span class='ocrx_word' id='word_1_293' title='bbox 422 4679 508 4725; x_wconf 90' lang='lat' dir='ltr'><strong>sacra</strong></span> <span class='ocrx_word' id='word_1_294' title='bbox 530 4663 686 4747; x_wconf 83' lang='lat' dir='ltr'><strong>evangelia</strong></span> <span class='ocrx_word' id='word_1_295' title='bbox 715 4664 846 4728; x_wconf 88' lang='lat' dir='ltr'><strong>nondum</strong></span> <span class='ocrx_word' id='word_1_296' title='bbox 877 4665 997 4748; x_wconf 86' lang='lat' dir='ltr'><strong>cognita</strong></span> <span class='ocrx_word' id='word_1_297' title='bbox 1028 4664 1145 4727; x_wconf 83' lang='lat' dir='ltr'><strong>fuisse?</strong></span> <span class='ocrx_word' id='word_1_298' title='bbox 1190 4660 1229 4747; x_wconf 86' lang='lat' dir='ltr'><strong>b)</strong></span> <span class='ocrx_word' id='word_1_299' title='bbox 1254 4660 1341 4738; x_wconf 77' lang='lat' dir='ltr'><strong>Quot</strong></span> 
     </span>
    </p>
   </div>
   <div class='ocr_carea' id='block_1_5' title="bbox 251 4812 1341 4885">
    <p class='ocr_par' dir='ltr' id='par_1_5' title="bbox 251 4812 1341 4885">
     <span class='ocr_line' id='line_1_35' title="bbox 251 4812 1341 4885; baseline 0.004 -20"><span class='ocrx_word' id='word_1_300' title='bbox 251 4815 279 4882; x_wconf 90' lang='grc'><strong>1)</strong></span> <span class='ocrx_word' id='word_1_301' title='bbox 299 4814 373 4882; x_wconf 83' lang='lat' dir='ltr'><strong>hpud</strong></span> <span class='ocrx_word' id='word_1_302' title='bbox 391 4812 472 4868; x_wconf 84' lang='lat' dir='ltr'><strong>Cotcl.</strong></span> <span class='ocrx_word' id='word_1_303' title='bbox 493 4816 520 4867; x_wconf 87' lang='lat' dir='ltr'><strong>T.</strong></span> <span class='ocrx_word' id='word_1_304' title='bbox 539 4815 569 4868; x_wconf 92' lang='grc'><strong>11.</strong></span> <span class='ocrx_word' id='word_1_305' title='bbox 589 4834 613 4885; x_wconf 92' lang='lat' dir='ltr'><strong>p.</strong></span> <span class='ocrx_word' id='word_1_306' title='bbox 633 4818 693 4869; x_wconf 81' lang='grc'>111.</span> <span class='ocrx_word' id='word_1_307' title='bbox 827 4817 856 4885; x_wconf 82' lang='grc'><strong>3)</strong></span> <span class='ocrx_word' id='word_1_308' title='bbox 876 4821 994 4873; x_wconf 76' lang='lat' dir='ltr'><strong>dutum</strong></span> <span class='ocrx_word' id='word_1_309' title='bbox 1018 4819 1043 4870; x_wconf 90' lang='lat' dir='ltr'><strong>iu</strong></span> <span class='ocrx_word' id='word_1_310' title='bbox 1063 4820 1190 4885; x_wconf 63' lang='lat' dir='ltr'><strong>uterne,</strong></span> <span class='ocrx_word' id='word_1_311' title='bbox 1217 4815 1341 4869; x_wconf 77' lang='lat' dir='ltr'><strong>zeitschr.</strong></span> 
     </span>
    </p>
   </div>
   <div class='ocr_carea' id='block_1_6' title="bbox 220 4900 1296 5055">
    <p class='ocr_par' dir='ltr' id='par_1_6' title="bbox 220 4900 1296 5055">
     <span class='ocr_line' id='line_1_36' title="bbox 235 4900 1296 5037; baseline 0.004 -86"><span class='ocrx_word' id='word_1_312' title='bbox 235 4900 281 5037; x_wconf 84' lang='grc'><strong>82)</strong></span> <span class='ocrx_word' id='word_1_313' title='bbox 306 4901 469 4971; x_wconf 70' lang='lat' dir='ltr'><strong>Hilgenfeld,</strong></span> <span class='ocrx_word' id='word_1_314' title='bbox 503 4902 543 4954; x_wconf 86' lang='lat' dir='ltr'><strong>die</strong></span> <span class='ocrx_word' id='word_1_315' title='bbox 571 4913 652 4971; x_wconf 83' lang='lat' dir='ltr'><strong>apost.</strong></span> <span class='ocrx_word' id='word_1_316' title='bbox 671 4905 764 4984; x_wconf 31' lang='lat' dir='ltr'><strong>‚varen</strong></span> <span class='ocrx_word' id='word_1_317' title='bbox 793 4901 1296 4972; x_wconf 72' lang='lat' dir='ltr'><strong>fbrhirt.&#39;fbeol.1851.p.252rqq.</strong></span> 
     </span>
     <span class='ocr_line' id='line_1_37' title="bbox 220 4986 420 5055; baseline 0.025 -18"><span class='ocrx_word' id='word_1_318' title='bbox 220 4986 232 5037; x_wconf 90' lang='lat'>1</span> <span class='ocrx_word' id='word_1_319' title='bbox 254 4986 295 5036; x_wconf 80' lang='lat'><strong>53.</strong></span> <span class='ocrx_word' id='word_1_320' title='bbox 315 5003 341 5055; x_wconf 94' lang='lat' dir='ltr'><strong>p.</strong></span> <span class='ocrx_word' id='word_1_321' title='bbox 359 4987 420 5043; x_wconf 81' lang='lat'><strong>212.</strong></span> 
     </span>
    </p>
   </div>
   <div class='ocr_carea' id='block_1_7' title="bbox 0 0 1570 6450">
    <p class='ocr_par' dir='ltr' id='par_1_7' title="bbox 0 0 1570 6450">
     <span class='ocr_line' id='line_1_38' title="bbox 0 0 1570 6450; baseline 0 0"><span class='ocrx_word' id='word_1_322' title='bbox 0 0 1570 6450; x_wconf 95' lang='lat' dir='ltr'><strong> </strong></span> 
     </span>
    </p>
   </div>
  </div>
 </body>
</html>
