3067 6450
451 1224 471 1278 l.
490 1221 682 1286 cussanus
701 1224 747 1278 Ab
767 1224 841 1281 cott.
860 1226 912 1280 XX.
1207 1232 1250 1298 83

134 1465 195 1528 tlte
234 1467 345 1529 Pacem
367 1476 398 1529 et
418 1470 621 1532 concordiam
642 1490 663 1532 o
678 1470 746 1533 Deo
770 1473 883 1547 cineri,
907 1472 1074 1534 harmonio
1095 1475 1200 1535 mundi
1224 1482 1255 1536 et

135 1572 211 1634 ordo
228 1574 583 1648 mercenarorium
605 1575 689 1636 unde
705 1575 803 1635 multu
823 1573 915 1635 nobis
934 1574 1076 1651 adfluunt
1094 1576 1253 1655 berreficio.

219 1692 313 1770 Coeli,
336 1694 554 1774 gubernatione
578 1697 644 1777 ejus
667 1696 815 1771 commoti,
841 1696 869 1754 in
895 1713 967 1775 pace
992 1698 1019 1756 ei
1040 1698 1252 1778 subjiciuntur3

134 1797 195 1859 dies
219 1797 308 1858 etiam
331 1804 361 1858 et
383 1815 460 1875 nox,
492 1799 573 1861 nullo
604 1799 659 1862 sibi
690 1799 817 1860 invicem
846 1800 1072 1879 impedimento,
1105 1806 1255 1863 obsistitu-

133 1907 190 1964 turn
214 1901 252 1962 ab
276 1918 314 1963 eo
338 1919 456 1963 cursum
479 1902 646 1964 absolvunt
691 1901 797 1965 Solet
823 1902 909 1979 luna,
942 1910 972 1963 et
1001 1905 1130 1966 siderum
1160 1905 1254 1982 ebori,

132 2003 296 2066 seeundum
320 2006 385 2086 ejus
409 2004 592 2085 mandatum,
624 2007 690 2068 sine
720 2006 781 2068 ullo
806 2025 930 2084 errore,
962 2008 990 2068 in
1015 2007 1175 2070 concordia
1199 2010 1255 2070 sibi

132 2111 308 2171 constitutas
346 2108 557 2192 dispositiones
596 2110 746 2173 evolvunt.
805 2111 898 2172 Terra
932 2112 1055 2193 grauida
1093 2113 1256 2174 seeundum

133 2215 197 2294 ejus
229 2213 409 2275 voluntatem
440 2215 503 2276 suis
535 2216 717 2295 temporibus
741 2215 927 2293 bominibus,
961 2215 1034 2277 ieris
1057 2222 1085 2278 et
1110 2218 1256 2293 orrruibus,

133 2336 209 2398 quae
233 2335 323 2399 super
346 2337 411 2379 eam
433 2324 519 2396 suut,
553 2320 766 2395 animantibus,
799 2318 966 2379 alimentum
991 2321 1019 2380 in
1056 2319 1257 2382 ¹abuudautia

132 2420 264 2501 profert,
295 2440 355 2484 uon
379 2422 546 2502 haesitans,
578 2443 679 2504 neque
703 2430 820 2485 mutans
843 2423 1002 2504 quidquam
1026 2443 1148 2502 eorum,
1180 2444 1257 2504 quae

134 2527 167 2588 ab
199 2526 252 2588 illo
286 2527 406 2590 decreta
435 2535 513 2590 sunl.
567 2529 754 2610 Abyssorum
787 2527 1022 2608 investigabilia,
1056 2537 1086 2590 et
1118 2530 1257 2610 profundi

133 2631 347 2693 inenarrabiles
371 2628 594 2694 ²institutiones
618 2629 756 2694 ³etsten
773 2631 889 2714 legibus
905 2634 1101 2694 continentur.
1137 2631 1256 2696 ⁴hloles

134 2735 267 2797 immensi
289 2737 394 2812 maris,
417 2755 472 2816 per
497 2737 714 2798 ordinationem
738 2737 805 2817 ejus
829 2737 857 2798 in
881 2736 1016 2799 cuurulos
1039 2745 1256 2819 coagmentata,

134 2834 370 2919 ⁵eircumposits
404 2840 460 2901 sibi
492 2841 620 2912 claustra
654 2860 713 2907 non
750 2844 984 2925 transgreditur,
1019 2845 1073 2906 sed
1108 2851 1196 2926 prout
1229 2847 1257 2907 ei

134 2945 302 3026 praecepit,
324 2945 363 3007 ils
386 2942 464 3006 lacit.
511 2946 591 3008 Dixit
613 2949 710 3011 euim:
742 2944 832 3010 ⁶huc
854 2967 950 3028 usque
973 2950 1096 3026 venies,
1121 2958 1150 3010 et
1173 2951 1206 3010 in
1230 2958 1258 3011 te

134 3048 201 3126 ipso
224 3055 427 3111 conterentur
448 3047 561 3125 lisotss
585 3051 639 3112 tui.
687 3046 853 3115 ⁷Oceanus
877 3053 1044 3114 bominibus
1076 3054 1257 3133 impermea-

134 3153 215 3231 bilis,
239 3154 343 3236 etqui
366 3159 448 3216 trans
471 3154 566 3237 ipsum
589 3162 658 3217 sunt
681 3158 798 3234 mundi,
822 3154 933 3218 eisdem
958 3157 1073 3217 Domini
1097 3150 1257 3236 ⁸‹ttspost-

135 3257 263 3321 tionibus
284 3261 500 3341 gubernantur.
538 3260 665 3338 Vernae,
689 3263 833 3339 aestivae,
857 3260 1040 3323 autumnales
1057 3268 1087 3321 et
1103 3261 1256 3341 hyemales

137 3366 327 3443 tempestates
355 3363 384 3425 iu
415 3382 489 3445 pace
518 3364 594 3427 aliae
620 3365 684 3426 aliis
707 3362 882 3427 succedunt.
927 3364 1090 3425 Ventorum
1114 3365 1258 3424 stationes

136 3465 280 3546 peculiari
310 3482 367 3529 suo
399 3473 533 3549 tempore
564 3469 670 3530 hunus
703 3486 788 3530 suum
819 3469 885 3528 siue
918 3467 1096 3529 ollendiculo
1129 3468 1258 3543 obeunt3

136 3567 235 3632 tontes
261 3570 348 3631 etlam
370 3589 539 3651 perennes,
562 3571 599 3634 ad
623 3589 707 3633 usum
731 3578 761 3632 et
784 3572 939 3633 sanitatem
963 3570 1047 3646 lacti,
1079 3570 1170 3631 ubera
1194 3570 1259 3630 sino

136 3673 256 3736 delectu
277 3672 315 3735 ad
340 3674 428 3736 vitam
449 3674 599 3738 hominum
622 3674 846 3737 sustentandam
874 3676 1035 3756 praehent;
1067 3679 1095 3735 et
1124 3672 1258 3735 anirnalia

134 3779 253 3840 minima
277 3778 307 3839 in
329 3795 405 3859 pace
427 3785 457 3842 et
479 3780 641 3842 concordia
664 3787 769 3842 coetus
791 3797 864 3841 suos
890 3778 1008 3839 iaciunt.
1052 3778 1134 3839 llaec
1161 3774 1259 3836 omnia

134 3897 262 3963 magum
284 3882 387 3963 upiiex
409 3889 440 3945 et
462 3884 591 3946 omnium
614 3885 757 3946 Dominus
781 3885 810 3945 in
838 3900 913 3964 paco
945 3888 975 3944 et
1005 3881 1164 3945 concordia
1193 3879 1258 3941 iteri

131 3985 239 4065 jussit,
262 3984 454 4048 benefaciens
478 3987 630 4066 omnibus,
653 3987 930 4069 superabundanter
954 3993 1051 4047 autem
1075 3986 1176 4061 nobis,
1207 3983 1258 4063 qui

134 4084 170 4147 sd
193 4087 403 4151 miserationes
426 4091 492 4172 ejus
516 4089 714 4173 confugimus,
738 4110 794 4172 per
809 4091 965 4151 Dominum
981 4088 1084 4150 lesum
1100 4089 1258 4165 Christum,

134 4183 211 4253 ⁹eui
234 4190 333 4274 gloria
356 4200 387 4255 et
409 4197 548 4277 majestas
570 4196 600 4256 in
622 4194 725 4258 secula
747 4193 927 4257 seculorum.
972 4191 1077 4254 Amen.

133 4518 268 4584 scripsisse
291 4516 434 4585 agrippam,
462 4523 579 4573 occultae
596 4539 679 4574 uora—
744 4521 772 4583 7)
792 4524 872 4574 clem.
881 4522 956 4573 Alex.
967 4519 1057 4570 Strom.
1069 4517 1099 4581 V,
1111 4517 1151 4567 12.-
1159 4534 1185 4584 p.
1197 4515 1255 4567 693.

131 4608 209 4673 W
228 4606 291 4670 (vox
310 4604 413 4658 Gmcifl
431 4604 564 4672 insolens).
592 4605 681 4658 «lunius
742 4604 771 4669 8)
790 4604 818 4656 L.
841 4604 962 4672 ἐπιταγαῖς
985 4606 1026 4657 vel
1051 4601 1174 4669 διαιαγαῖς
1197 4606 1254 4652 Jt'tt.

132 4697 159 4740 oi
176 4688 220 4741 1Ῑῆ
238 4689 333 4743 malunt
351 4688 454 4753 ardema,
472 4694 568 4746 undas.
707 4693 787 4743 Fut.

167 4774 198 4843 3)
217 4774 294 4828 llolte
311 4775 417 4842 conjicit
432 4772 519 4840 «troo,
542 4778 594 4830 seil.
615 4779 681 4827 θεοῦ.
743 4777 773 4844 9)
792 4777 848 4829 ll'oa
866 4778 947 4830 solum
969 4779 992 4828 iu
1018 4778 1082 4837 bne,
1108 4773 1154 4824 sed
1180 4779 1206 4821 et
1230 4771 1255 4820 in

166 4860 197 4927 4)
216 4860 280 4915 Gen.
300 4861 325 4927 l,
345 4863 370 4913 9.
708 4862 794 4912 medio
808 4864 931 4931 epistolae
943 4879 1005 4914 sune
1017 4862 1040 4912 S.
1052 4859 1171 4910 Clemens
1184 4871 1256 4908 mere

166 4947 199 5014 ⁵)
216 4944 275 5001 tob.
294 4947 339 5012 38,
360 4946 399 5000 1⁰.
435 4946 476 5000 Ps.
499 4947 556 5013 103,
574 4949 599 4999 9.
709 4948 762 4999 etri
780 4947 850 4999 Pauli
869 4947 995 5014 doiotoytp
1013 4950 1098 4999 utitur.

165 5032 197 5101 6)
215 5031 273 5086 tat.
293 5032 337 5097 38,
360 5034 400 5084 11.

994 5118 1046 5184 6ϋ
