3067 6450
190 1198 219 1254 s.
239 1198 388 1268 ranam]
629 1193 885 1250 rnouacousun.
996 1218 998 1223 ·
1237 1196 1324 1252 xcvu

190 1379 313 1442 praeco
333 1356 532 1421 Bibliothecae
555 1358 750 1441 Augustanae
774 1357 884 1439 primus
909 1359 1039 1422 omnium
1066 1358 1222 1444 Dillingae¹
1241 1355 1323 1423 1557

193 1465 288 1529 edidil
320 1464 482 1526 Valentius
510 1462 693 1544 Haeduisque
711 1462 812 1538 frid,
843 1480 897 1525 seu
926 1464 1084 1540 Pacaeus,
1118 1464 1238 1526 nomine
1269 1482 1324 1546 pro

193 1571 264 1634 sevi
297 1567 516 1632 cousuetudine
549 1569 709 1631 immutato.
764 1566 892 1629 Easdem
929 1568 968 1632 12
1003 1568 1144 1650 epistolas
1177 1567 1325 1631 Andreas

197 1676 357 1739 Gesnerus
372 1691 484 1757 graece
501 1679 530 1736 el
545 1674 636 1735 latine
660 1669 846 1756 (interprete
860 1672 977 1735 Joanne
992 1670 1169 1758 Brunnero)
1186 1691 1203 1735 e
1219 1671 1325 1734 codice

193 1778 398 1843 Bibliothecae
427 1780 463 1840 V.
496 1778 528 1841 C.
558 1778 681 1859 Gaspari
711 1796 728 1841 a
760 1776 940 1860 Nydpryclt,
972 1777 1075 1860 'ligari
1111 1775 1192 1843 1559
1225 1776 1325 1839 edidit.

195 1886 294 1961 Ouum
314 1886 418 1948 Pacaei
442 1885 534 1948 editio
558 1887 651 1965 ipsum
676 1884 791 1963 lateret,
816 1882 970 1946 Gesnerus
993 1884 1117 1964 primum
1143 1899 1177 1944 se
1200 1896 1326 1963 graecas

194 1990 303 2076 lgnatii
326 1991 467 2070 epistolas
490 1990 621 2053 edidisse
640 1989 780 2072 jactabat.

285 2094 384 2157 Paene
415 2101 532 2158 centum
565 2097 651 2157 anuis
681 2101 750 2176 posl
783 2094 941 2156 breviores
972 2092 1089 2155 demum
1120 2099 1150 2155 et
1177 2092 1328 2175 genuinae

196 2200 236 2265 S:
244 2200 348 2281 lgnalii
373 2199 516 2280 epistolae
540 2199 675 2262 detectae
697 2206 777 2276 sunl,
801 2216 914 2278 easque
931 2197 1042 2278 primus
1058 2216 1169 2281 graece
1185 2198 1215 2258 in
1232 2197 1328 2259 lucem

197 2306 322 2389 protulit
344 2304 557 2369 horslelodanri
584 2302 667 2370 1646
690 2305 824 2368 lsaaeacs
851 2303 980 2365 Vossius
1006 2321 1046 2364 ex
1076 2320 1136 2365 uno
1167 2303 1328 2382 superstite

196 2410 402 2474 Bibliothecae
426 2409 580 2472 llediceaa
603 2410 709 2473 codice
731 2429 784 2472 ms.
809 2406 902 2471 seculi
924 2407 973 2485 xl,
996 2413 1188 2487 veteremque
1212 2408 1328 2469 latinam

197 2516 371 2579 versionem
394 2514 513 2593 addidit,
535 2533 622 2595 quarn
646 2533 758 2598 graeco
783 2514 946 2594 exemplari
969 2511 1183 2596 propemodum
1208 2513 1236 2573 in
1260 2529 1329 2574 orn-

196 2620 288 2682 nibus
304 2620 534 2702 respondentem
553 2621 663 2684 Oxonii
682 2618 766 2685 1644
782 2639 799 2682 e
818 2620 933 2682 duobus
954 2618 1115 2695 codicibus,
1139 2636 1199 2681 uno
1216 2617 1328 2679 Canta-

198 2726 346 2807 brigiensi
370 2732 399 2787 et
421 2725 514 2789 altero
538 2744 578 2789 ex
601 2728 779 2790 bibliotheca
802 2724 941 2789 Richardi
964 2723 1098 2804 episcopi
1123 2722 1328 2800 llorvicensis,

199 2830 342 2893 Jacobus
367 2830 523 2908 Ueserius,
548 2831 802 2915 Archicpiseopus
826 2830 1029 2895 Armachanus
1053 2829 1226 2912 vulgaveral
1247 2824 1284 2910 ¹).

289 2937 398 2998 Verum
415 2953 504 3016 qurum
520 2938 548 2997 in
567 2937 616 2998 illo
632 2935 683 3019 (ct
699 2934 808 3022 unico]
822 2937 927 3000 codice
939 2934 1074 2997 lllediceo
1090 2950 1143 2995 seu
1157 2933 1328 2995 Blorentino

200 3038 326 3102 deesset
347 3040 472 3124 epistola
496 3041 532 3103 ad
556 3040 723 3119 Romanos,
754 3043 880 3105 Vossius
911 3042 988 3103 illam
1021 3058 1061 3101 ex
1085 3038 1329 3118 interpolatorum

200 3145 335 3208 editione
359 3140 538 3222 desumtdm,
563 3145 639 3209 duce
662 3154 766 3209 vetere
790 3149 969 3229 interprete,
994 3162 1067 3207 suae
1091 3144 1251 3226 integritati
1275 3160 1330 3203 re-

201 3253 329 3314 stituere
352 3251 472 3314 adortus
498 3258 551 3313 est.
597 3253 685 3315 Anno
708 3261 806 3314 autern
833 3249 914 3317 1689
931 3251 1092 3332 Epistulam
1116 3249 1152 3312 ad
1170 3248 1329 3324 llumanos,

203 3357 301 3418 veleri
323 3357 430 3419 latinae
453 3358 584 3420 versioni
610 3357 808 3420 adamussim
833 3357 1083 3438 respondentem,
1108 3373 1126 3414 e
1149 3352 1221 3413 Cod.
1248 3349 1327 3414 1451

201 3459 403 3523 Bibliothecae
425 3463 530 3543 regiae
552 3461 726 3524 Parisiensis
750 3464 978 3524 membranaceo
995 3456 1044 3543 ¹²),
1072 3458 1189 3519 Parisiis
1220 3454 1330 3536 publici

198 3565 278 3648 juris
300 3565 369 3625 iccil
395 3565 605 3628 Theodericus
628 3566 803 3628 Ruinarlus
826 3566 854 3626 in
880 3563 968 3625 Actis
987 3563 1156 3644 Martyrum
1178 3560 1311 3623 sinceris
1319 3578 1331 3632 ,·
1384 3643 1387 3650 Ι

203 3686 293 3749 quum
322 3669 464 3752 deinceps
488 3670 624 3733 Grabius
654 3678 685 3733 et
717 3671 858 3733 Clericus
886 3670 1008 3752 prodire
1034 3668 1197 3750 jusserunt.
1242 3665 1331 3728 Anno

205 3767 291 3835 1109
326 3773 435 3837 Oxonii
474 3776 583 3857 prodiil
617 3778 867 3856 praestantissima
906 3774 1038 3836 Thomas
1071 3771 1194 3833 Smithii
1230 3771 1331 3847 editio,

202 3895 292 3958 quam
315 3879 410 3940 secuti
432 3886 501 3941 sunl
523 3879 705 3943 ladovicus
721 3881 812 3962 frey,
835 3879 1016 3942 Richardus
1037 3878 1162 3953 Russel,
1187 3876 1332 3938 Andreas

206 3979 397 4044 Gallandius
433 3988 462 4044 el
500 3982 681 4046 Gailielmus
715 3984 934 4056 Jacobsonus3
972 4000 1047 4064 quos
1082 3988 1112 4045 et
1145 3999 1202 4044 nos
1240 3980 1331 4043 duces

202 4083 369 4147 babuimus.

292 4187 338 4250 lV.
384 4191 571 4255 Atrlbenliam
606 4192 797 4274 epistolarum
832 4193 861 4257 S.
895 4192 1000 4276 ignatii
1034 4187 1119 4273 primi
1157 4191 1332 4272 impugnare

202 4300 355 4358 lentarum
370 4295 556 4376 Salmasius,
580 4297 759 4362 Blandellus
784 4307 811 4361 et
829 4298 1003 4381 pracsertim
1022 4296 1164 4359 Joannes
1179 4295 1332 4356 Ballaeus

202 4400 371 4478 (Duilli),
403 4402 579 4485 'lireologus
611 4402 744 4467 eGallia
774 4405 988 4467 celeberrimus
1018 4410 1048 4463 el
1077 4402 1112 4462 V.
1137 4400 1171 4462 D.
1201 4402 1334 4461 minister

203 4504 282 4586 apud
314 4504 490 4567 calvinistes
521 4505 800 4586 Charenlonenses,
836 4510 886 4589 qui
915 4528 940 4570 a.
975 4503 1055 4571 1666
1086 4506 1114 4568 ln
1145 4505 1237 4567 libro:
1274 4504 1333 4583 ,de

202 4610 334 4688 scriptis
364 4628 445 4689 puae
467 4611 524 4673 sub
546 4611 698 4694 Dionysii
720 4611 928 4693 Areopagitae
959 4619 989 4674 et
1012 4611 1125 4692 Ignatii
1149 4610 1334 4673 Antiocheni

239 4782 267 4843 1)
286 4779 338 4834 cu.
363 4785 493 4837 Peterson.
520 4782 652 4835 Vindicine
678 4782 754 4851 lgna-
818 4784 846 4848 2)
866 4780 956 4835 Codex
968 4782 1018 4847 bic,
1032 4782 1091 4834 olim
1102 4779 1262 4832 colbertinus
1272 4778 1333 4844 460,

204 4869 297 4932 tisose,
309 4871 334 4919 in
349 4871 457 4924 Caletes·
473 4868 538 4938 Opp.
551 4870 651 4922 Petrum
665 4870 754 4937 Aposh
783 4878 839 4923 acta
859 4872 971 4935 marturii
991 4869 1016 4921 S.
1029 4868 1118 4937 lgnntii
1131 4868 1254 4930 continet,
1273 4867 1334 4934 qui·

206 4953 247 5005 sd.
277 4956 377 5008 Olario.
413 4957 488 5011 1724.
519 4956 546 5011 l.
575 4956 605 5009 ll.
637 4957 829 5026 Append.'bus
848 4953 974 5023 capitelli
994 4954 1100 5020 epistola
1118 4952 1210 5021 lgnatii
1229 4952 1329 5005 adlla-

208 5053 232 5112 p.
250 5039 301 5092 264
318 5056 375 5115 sqq.
765 4977 871 5113 'meaos
890 5043 1039 5112 interposita
1058 5046 1106 5094 est.
