3067 6450
258 1159 283 1214 s.
302 1156 486 1214 rouretum
503 1156 663 1223 errsrom
681 1137 726 1213 nn
747 1157 982 1214 sarcinienses.
1001 1158 1044 1216 ru
1061 1159 1103 1217 ιι.
1122 1162 1151 1218 ι.
1206 1166 1266 1232 261

137 1322 216 1385 alius
249 1321 307 1383 mei
340 1320 442 1383 similis
474 1321 553 1383 beati
586 1327 616 1382 et
646 1320 773 1403 gloriosi
804 1320 885 1383 Pauli
922 1320 1117 1404 ¹sapientiam
1148 1327 1270 1408 assequi

137 1434 258 1511 potest;
283 1427 332 1509 qui
356 1445 446 1507 quum
472 1434 554 1490 esset
576 1426 652 1509 apud
676 1446 742 1506 vos,
766 1444 867 1488 coram
891 1425 1058 1490 hominibus
1074 1436 1143 1492 tunc
1158 1432 1268 1493 riven-

139 1534 219 1595 tibus
243 1532 377 1614 perlecta
402 1549 437 1593 ac
460 1532 581 1594 tirmiter
604 1531 727 1594 verbum
750 1530 885 1594 veritatis
909 1531 1026 1610 docuit3
1050 1536 1099 1616 qui
1116 1542 1145 1597 el
1160 1536 1269 1600 absens

138 1638 228 1700 uobis
251 1637 371 1718 scripsit
395 1632 578 1718 ²episrotas,
602 1636 631 1697 in
656 1654 730 1718 quas
754 1638 779 1698 si
803 1638 983 1716 intueamini,
1007 1639 1154 1702 aedificari
1178 1647 1269 1722 pote·

137 1743 206 1805 ritis
229 1743 257 1804 in
281 1742 349 1820 lide,
372 1759 449 1822 quae
472 1740 557 1802 votis
582 1747 628 1802 est
652 1741 727 1820 data,
751 1737 920 1821 ³quoeque
943 1750 989 1803 est
1010 1752 1111 1804 mater
1133 1748 1269 1808 omnium

138 1845 324 1924 ‘nostrum
348 1847 552 1928 subsequente
575 1865 647 1928 spe,
679 1845 879 1927 praecedente
903 1846 1043 1907 charitate
1066 1846 1095 1907 in
1119 1848 1213 1911 Deum
1237 1828 1268 1913 et

137 1955 170 2016 in
194 1953 340 2016 Christum
370 1952 451 2013 etin
475 1952 650 2033 proximum.
697 1950 726 2014 Si
757 1951 823 2032 quis
854 1951 931 2012 enim
961 1951 1035 2013 intra
1064 1950 1139 2014 haec
1168 1953 1267 2034 luerit,

139 2056 332 2120 ⁵mandatum
352 2057 486 2140 justitiae
508 2056 658 2139 implevi13
688 2074 755 2149 nam
779 2055 829 2137 qui
852 2054 1022 2118 charitatem
1046 2057 1152 2137 habet,
1175 2057 1267 2141 longe

138 2170 187 2226 est
209 2163 246 2224 ab
271 2163 350 2225 omni
373 2168 506 2244 peccato.
938 2163 942 2172 ’

135 2354 185 2418 Ν.
208 2355 374 2436 Fupiumus
390 2354 576 2428 ocoritiom3
592 2353 758 2416 doceamus
774 2374 833 2418 nos
850 2355 948 2435 ipsos,
963 2373 1083 2418 uxores
1099 2361 1130 2418 et
1142 2355 1265 2418 viduos.

226 2475 449 2558 ⁶Principium
480 2486 580 2539 autem
610 2479 744 2540 omnium
776 2479 928 2542 mulorum
952 2486 999 2541 est
1020 2478 1153 2540 labendi
1175 2478 1265 2558 cupi·

136 2586 231 2648 ditos.
268 2584 403 2648 scientes
428 2602 514 2665 ergo,
538 2584 618 2666 quod
643 2578 746 2645 'nituit
768 2585 930 2646 intulimus
952 2585 987 2644 in
1008 2584 1264 2663 transmundum,

135 2692 195 2755 sed
217 2710 274 2752 nec
296 2691 423 2771 auferre
446 2691 522 2769 quid
544 2690 701 2766 nolemus,
735 2684 913 2751 ⁸armemur
935 2689 1024 2751 armis
1051 2689 1200 2771 Juslitiae,
1235 2697 1265 2753 et

136 2792 327 2858 ⁹doceamus
359 2795 483 2875 prImum
512 2810 568 2855 nos
599 2795 699 2874 ipsos,
733 2795 885 2856 ambulare
916 2795 945 2856 in
975 2794 1112 2856 mandato
1136 2794 1264 2875 Domini,

136 2899 247 2964 deinde
277 2904 307 2961 et
337 2905 454 2960 vestras
486 2915 615 2976 uxores,
650 2897 800 2960 ambulare
824 2900 852 2960 in
876 2896 934 2960 lide
957 2899 1028 2980 ipsis
1053 2899 1156 2960 tradita
1181 2906 1211 2961 et
1233 2901 1263 2961 iu

135 3005 280 3068 charitate
303 3009 333 3065 et
356 3003 507 3082 castitate,
539 3009 671 3064 amantes
696 3004 777 3065 viros
800 3021 873 3066 suos
897 3005 926 3065 tn
950 3005 1028 3065 omni
1054 3005 1196 3080 veritate,
1227 3022 1264 3066 ac

137 3112 296 3195 diligentes
320 3116 443 3172 cunctos
466 3111 647 3193 aequaliter,
671 3111 700 3171 in
725 3109 803 3172 omni
828 3110 1025 3185 continentia,
1048 3113 1078 3168 et
1105 3104 1129 3145 ¹⁰
1142 3109 1263 3170 erudire

136 3219 214 3282 lilios
244 3218 274 3279 in
306 3215 458 3296 disciplina
490 3217 604 3279 timoris
634 3216 706 3293 Dei;
740 3215 844 3277 viduas
875 3233 949 3277 vcro
982 3213 1160 3294 doceamus,
1193 3208 1262 3278 essa

134 3323 298 3406 prudentes
318 3321 396 3382 circa
414 3318 499 3383 iidem
517 3321 643 3399 Domini,
667 3321 890 3404 interpellantes
917 3318 1019 3381 ¹¹sine
1042 3319 1262 3381 intermissione

134 3446 191 3511 pro
216 3425 361 3502 omnibus,
385 3424 476 3507 longe
500 3427 676 3489 recedentes
699 3426 735 3487 ab
760 3426 839 3489 omni
859 3424 1014 3501 calumnia,
1038 3422 1262 3503 detrectatione,

134 3532 211 3595 falso
243 3532 429 3611 testimonio,
461 3533 582 3594 avaritia
614 3538 644 3593 et
675 3531 754 3594 omni
785 3531 877 3607 malo;
908 3516 1151 3612 cognoscentes,
1183 3526 1263 3609 quod

138 3635 267 3699 ¹²altare
284 3636 339 3699 Dei
355 3637 423 3714 sint,
447 3643 477 3699 et
500 3636 579 3718 quod
604 3636 654 3699 ille
678 3638 775 3699 omnia
805 3634 829 3674 ¹³
841 3637 919 3699 clare
937 3636 1106 3717 perspiciat,
1130 3633 1261 3714 nihilque

134 3763 204 3806 eum
227 3743 325 3822 lateat,
351 3761 407 3804 nec
429 3743 667 3822 ratiociniorum,
691 3761 748 3806 uec
771 3742 998 3827 cogitationum,
1021 3759 1078 3805 nec
1103 3738 1262 3823 quidquam

133 3848 322 3913 occultorum
344 3848 453 3912 cordis.

277 4040 311 4101 V.
357 4039 470 4122 Officia
492 4040 705 4118 diaconorum,
724 4043 878 4121 juvenum
902 4047 932 4101 et
952 4038 1117 4120 virginum.

223 4161 359 4226 Scientes
382 4180 466 4246 ergo,
490 4161 570 4244 quod
599 4160 717 4227 ¹⁴Deus
738 4183 802 4226 aon
822 4162 984 4238 irridetur,
1009 4161 1152 4225 debemus
1173 4160 1263 4246 digne

168 4315 199 4381 8)
219 4314 270 4369 tn.
289 4315 382 4384 Ephes.
402 4317 426 4381 6,
449 4317 488 4368 11.
713 4318 908 4370 constitutiones
941 4316 1119 4383 Apostolorum
1149 4315 1203 4369 Lib.
1231 4316 1261 4368 ll.

168 4402 199 4470 9)
231 4404 325 4455 Similia
362 4404 480 4472 leguntur
516 4406 541 4456 in
572 4403 684 4472 Epistola
712 4422 735 4458 c.
755 4405 797 4455 26.
817 4403 1110 4470 hanccomparationem
1130 4405 1263 4455 viduarum

132 4489 244 4542 tutem.
265 4490 335 4543 llom.
356 4492 386 4541 ad
403 4490 511 4543 Corinth.
532 4509 605 4559 capp.
628 4493 638 4542 1
661 4501 686 4543 et
712 4508 769 4543 curn
794 4490 912 4543 altaribus
934 4508 949 4543 a
968 4490 1110 4558 Polycarpo
1135 4498 1262 4540 mutuatas

132 4577 177 4628 at.
207 4575 454 4644 sinl'mlegomenn
471 4588 555 4630 nostra
572 4578 684 4648 adEpi-
712 4595 769 4630 esse
789 4578 913 4630 ridentur.
976 4628 979 4631 Δ

131 4664 212 4716 stolus
232 4663 256 4716 S.
276 4664 413 4717 Clementis
431 4683 455 4734 p.
473 4666 547 4718 xxv.
731 4666 775 4731 13)
795 4665 832 4717 lta
856 4665 1014 4718 lucobsonus
1041 4680 1073 4717 ex
1098 4663 1156 4714 cod.
1181 4660 1261 4716 ilatio.

153 4753 197 4815 10)
218 4752 258 4803 Sc.
278 4749 414 4810 διδάξωμεν
431 4750 533 4810 ἱαυτοὺς.
714 4753 760 4804 Alli
779 4749 847 4817 ἡμῶν
865 4759 995 4802 utentium.
1033 4750 1083 4802 Clt.
1101 4748 1113 4800 l
1130 4748 1209 4800 Clem.
1229 4747 1261 4800 111

153 4838 200 4907 11)
219 4838 270 4890 sir.
290 4839 301 4890 l
319 4839 406 4892 Thess.
426 4841 452 4904 5,
473 4842 513 4892 17.
712 4841 770 4893 Cor.
790 4857 813 4892 c.
835 4842 877 4894 41.

154 4924 199 4991 12)
219 4926 254 4978 ltu
273 4926 431 4980 Jneohsonus
456 4927 584 4981 extribus
603 4926 683 4983 Codd.
731 4929 775 4994 tr)
794 4927 847 4979 Gal.
866 4928 892 4993 6,
911 4927 935 4979 7.

133 5022 161 5068 ct
186 5022 240 5067 vet.
266 5013 414 5083 Interpretc.
449 5015 499 5069 Atti
525 5014 684 5084 θυσιαστῆρια.
