3067 6450
145 1186 303 1259 annuns]
575 1186 829 1242 rnonncomsnn.
1201 1188 1268 1244 xcv

228 1349 271 1415 Pii
295 1347 415 1412 fratrem
437 1349 646 1432 presbyterum
677 1347 770 1411 luisse
802 1354 832 1411 et
861 1356 986 1431 propter
1007 1347 1113 1410 librum
1136 1348 1269 1414 Pastoris

143 1455 259 1537 abipso
276 1460 440 1533 exaratum,
464 1453 559 1535 ipsum
575 1452 726 1516 Pastorem
743 1472 812 1516 esse
828 1455 1077 1537 cognominatum,
1102 1454 1269 1519 esccunda

142 1558 267 1642 epistola
285 1559 326 1643 Pii
341 1558 362 1621 l.
379 1557 415 1622 ad
432 1557 557 1637 tostum,
574 1558 747 1639 episcopum
763 1559 973 1636 Viennensem,
989 1560 1098 1642 conjici
1115 1566 1214 1641 potest
1231 1557 1269 1643 ¹).

228 1662 338 1728 Similia
368 1663 398 1725 in
429 1663 505 1726 libro
528 1661 690 1726 Pontificali
720 1662 864 1744 legimus:
901 1662 986 1742 „Sub
1017 1665 1111 1744 nujus
1142 1661 1204 1747 (Pii
1226 1661 1269 1748 l.)

141 1769 324 1849 episcopatu
345 1767 450 1846 frater·
472 1769 541 1849 ejus
564 1767 696 1830 Hermes
720 1767 832 1829 librum
854 1768 999 1847 scripsit,
1031 1769 1063 1829 in
1094 1787 1156 1848 quo
1178 1788 1269 1830 mnn-

141 1875 248 1936 dutum
275 1874 470 1950 continetur,
501 1873 586 1953 quod
614 1872 643 1933 ei
673 1873 838 1951 praecepit
866 1873 995 1952 unpetus
1023 1872 1167 1951 Domini,
1203 1894 1270 1937 cum
1363 1866 1369 1877 ’

140 1976 264 2041 ueniret
291 1979 336 2040 od
364 1997 431 2040 eum
461 1978 495 2039 in
524 1977 632 2039 dubito
657 1978 831 2056 postoris,.
855 1984 890 2037 ut
913 1982 1055 2040 sunctum
1077 1976 1197 2041 Pusclta
1220 1978 1271 2042 die
1381 1988 1386 1995 '

141 2083 301 2146 dominico
322 2081 553 2145 celebraretur“
572 2078 615 2166 ²).

230 2188 314 2263 Quae
339 2205 405 2249 cum
428 2187 467 2249 ita
489 2187 558 2265 sint,
581 2186 760 2269 Fragmento
784 2186 988 2249 lluratoriano
1015 2187 1157 2275 mlajorem
1182 2185 1269 2248 fidem

141 2288 339 2374 praebeamus
356 2297 484 2372 oportet,
503 2311 590 2372 quam
603 2310 703 2354 merae
717 2290 857 2374 Origcnis
869 2291 1053 2374 aliorumque
1066 2294 1269 2375 conjecturae.

227 2398 280 2461 ttts
303 2396 435 2476 accedit,
466 2395 545 2477 quod
572 2396 769 2459 Tertullianus
792 2396 970 2460 llontanista
1000 2416 1060 2461 non
1086 2396 1181 2459 solum
1205 2397 1269 2477 ipse

141 2502 288 2564 acerrima
319 2501 425 2565 librum
456 2502 586 2565 Pastoris
621 2502 791 2583 impugnet,
826 2501 879 2565 sed
912 2503 999 2565 etiam
1030 2503 1066 2564 ab
1101 2501 1270 2564 orthodoxa

142 2606 271 2670 ecclesia
296 2625 362 2669 eum
386 2608 529 2688 rejectum
551 2624 620 2668 esse
639 2605 818 2668 contendat:
845 2606 1007 2685 „Secunda
1030 2617 1058 2670 te
1077 2607 1271 2687 poenitentia

142 2712 302 2791 excipiet5
332 2712 395 2773 cris
419 2711 529 2772 iterum
552 2711 590 2772 tie
612 2711 735 2774 moeclro
762 2711 969 2776 Christianus.
1014 2713 1101 2776 Haec
1128 2721 1159 2773 tu
1182 2712 1269 2790 milri,

142 2817 364 2900 benipnissime
386 2816 446 2879 net
470 2817 646 2896 interpres!
687 2818 751 2878 Sed
774 2818 932 2880 crederem
956 2817 1028 2894 lidi,
1059 2818 1088 2879 si
1110 2818 1271 2897 scripturo

140 2922 300 2999 Pastoris,
317 2941 398 3002 qaue
413 2923 484 2985 solu
499 2923 641 2984 moechos
657 2929 751 2999 umet,
769 2922 877 2986 diuino
893 2925 1096 2985 instrumento
1108 2923 1272 2983 meruisset

142 3028 243 3090 incidi
253 3047 265 3098 ,·
287 3028 316 3088 si
339 3046 403 3090 non
426 3026 465 3088 ab
485 3028 569 3089 omni
586 3027 721 3089 concilio
739 3027 950 3103 ecclesiarum,
975 3028 1067 3088 etium
1083 3036 1270 3103 uestrorum,

142 3131 223 3193 inter
247 3133 430 3213 apocrypha
451 3140 482 3192 et
493 3130 582 3208 suisa
594 3131 817 3210 judicaretur;
840 3134 985 3195 adultera
1001 3140 1030 3194 et
1045 3133 1126 3212 ipsu,
1151 3140 1181 3192 et
1199 3131 1270 3192 inde

141 3246 281 3317 petrono
304 3237 482 3300 sociorum“
498 3233 539 3320 ³).
576 3237 613 3299 Et
628 3238 686 3301 alio
702 3237 786 3300 loco:
813 3237 873 3316 „Et
892 3240 998 3317 ntique
1014 3238 1171 3315 receptior·
1188 3235 1273 3316 opud

144 3343 297 3406 ecclesius
320 3341 464 3421 Epistola
485 3340 653 3404 Barnabae
684 3340 721 3425 (i.
746 3360 772 3402 e.
797 3342 923 3423 epistola
952 3341 987 3404 ad
1011 3337 1185 3423 llebracos)
1214 3339 1271 3402 illo

145 3447 325 3528 apocrypho
351 3447 480 3509 Pastore
501 3447 717 3510 moesiorum“
735 3443 777 3529 ⁴).

231 3551 299 3613 Non
323 3550 426 3631 mojori
450 3552 619 3614 reverentia
636 3550 844 3630 Hieronymus
861 3548 899 3611 do
914 3548 991 3612 libro
1007 3549 1137 3612 Pastoris
1153 3549 1271 3611 locutus

146 3664 199 3720 est.
249 3655 319 3733 „Ec
341 3673 420 3736 quo,
450 3656 560 3736 inquit,
591 3656 670 3718 tiber
701 3656 755 3717 ille
784 3655 985 3735 apocryphus
1013 3654 1166 3716 stultitiae
1192 3670 1270 3714 ron-

146 3760 340 3823 demnundus
374 3767 437 3836 est,
473 3761 505 3822 in
539 3780 601 3840 quo
635 3762 784 3839 scriptum
818 3769 883 3838 est,
922 3761 1084 3840 quemdam
1117 3759 1269 3839 unpelum,

145 3868 267 3929 oontine
302 3864 393 3946 Tyri,
424 3884 573 3947 proeesse
606 3865 789 3946 reptilibus“
809 3857 849 3945 5).
894 3860 1105 3949 Hieronymum
1141 3864 1269 3928 Hermas

145 3971 297 4036 Pastorem
319 3970 378 4031 Vis.
402 3968 449 4048 tv,
474 3970 503 4033 2.
526 3971 698 4052 respexisse
722 3971 773 4032 vix
796 3968 915 4032 dubium
938 3976 992 4032 est

232 4076 350 4138 lnternn
373 4092 493 4156 quoque
516 4075 621 4139 indicia
646 4075 772 4138 llormae
801 4074 966 4156 apostolico
997 4073 1102 4135 librum
1135 4076 1269 4134 nostrum

147 4177 370 4263 abjudicandum
394 4180 537 4258 suadent,
561 4187 594 4243 ut
615 4189 698 4244 recte
725 4181 872 4243 Grattius
896 4179 1048 4242 contendit
1063 4174 1106 4261 ⁶).
1154 4176 1269 4257 „Con-

148 4287 242 4348 silium
267 4286 416 4364 nempa,“
443 4285 553 4365 inquit,
582 4304 669 4367 „quo
696 4292 789 4350 totum
812 4286 869 4349 hoc
893 4302 967 4365 opus
991 4288 1037 4344 est
1059 4285 1268 4364 conscriptum,
1344 4302 1350 4310 ·

177 4423 205 4488 l)
228 4423 371 4491 Presbyter
385 4425 485 4476 Pastor
501 4424 608 4477 titulum
628 4441 695 4478 con-
757 4425 787 4492 2)
807 4421 880 4490 Apud
900 4424 996 4474 Boron
1016 4420 1047 4471 ad
1065 4436 1122 4472 nnn.
1140 4418 1195 4471 ¹59.
1215 4418 1270 4471 mi

147 4511 222 4577 didit,
263 4516 288 4561 et
316 4510 393 4577 dipna
422 4512 451 4561 in
483 4512 595 4563 Domino
625 4514 694 4564 obiit.
723 4519 749 4563 et
767 4511 829 4562 inira
846 4526 871 4576 p.
890 4507 999 4561 XCVlll.
1020 4507 1054 4558 lit.
1074 4522 1097 4558 ο.

145 4596 215 4666 Apud
238 4598 358 4649 Galloni.
378 4593 406 4646 T.
426 4595 445 4646 l.
465 4613 490 4663 p.
505 4597 564 4647 672.
597 4602 694 4652 Boron.
758 4598 786 4661 3)
805 4596 907 4648 Tertull.
926 4595 959 4645 do
977 4594 1083 4662 pudicit.
1102 4611 1124 4645 c.
1146 4594 1185 4644 10.

143 4681 324 4736 staunton.
344 4682 643 4750 n.3.-EpistolasPil
662 4685 694 4735 ad
726 4729 734 4744 ,
757 4684 785 4749 d)
805 4682 830 4735 l.
850 4699 873 4735 c.
892 4699 914 4733 c.
933 4681 975 4733 20.

142 4764 241 4823 tostum
269 4770 365 4836 episc,
396 4772 509 4837 quamvis
539 4786 589 4821 non
619 4776 696 4838 plone
757 4771 786 4835 5)
805 4771 907 4822 llicron.
933 4768 977 4819 lib.
1001 4767 1012 4819 l
1037 4769 1061 4821 in
1087 4768 1212 4819 llnbacuc.
1238 4767 1271 4820 sd

137 4867 200 4909 tunt
220 4855 396 4919 indubitatae,
420 4858 513 4910 ceteris
532 4864 616 4909 tamen
636 4860 693 4927 cpi·
722 4874 743 4909 c.
765 4859 789 4920 1,
810 4856 849 4909 rt.

137 4945 215 4997 notio
234 4942 281 4994 Pio
300 4941 433 5009 adscriptis
450 4942 527 5013 lunge
544 4961 601 4998 esso
616 4962 694 5014 prae·
756 4944 786 5012 6)
805 4942 953 5011 [inquisitio
972 4945 997 4994 in
1010 4942 1140 4994 Pastorem
1152 4940 1270 4995 llermae.
1304 4964 1310 4971 ·

133 5026 280 5098 serendas,
298 5030 366 5080 inter
384 5027 474 5082 doctos
493 5039 597 5084 constat.
722 5030 812 5084 Partic.
827 5029 846 5082 l.
883 5028 988 5081 lionnae
1010 5028 1083 5080 1820.
1102 5044 1129 5101 p.
1148 5028 1164 5077 8
1183 5035 1208 5081 ct
1227 5028 1252 5083 9.
