3067 6450
390 1179 945 1236 summamus.aourcnnrr.1x.n
965 1181 1007 1238 xi.
1073 1166 1075 1170 ’
1197 1185 1263 1252 283

136 1344 183 1406 De
206 1349 310 1405 cetero
334 1341 491 1406 adductum
515 1359 582 1402 eum
606 1340 802 1424 interrogavit
823 1344 1004 1424 proconsul,
1035 1363 1072 1409 au
1094 1345 1159 1426 ipse
1182 1350 1263 1407 esset

134 1449 328 1532 Polycarpus.
374 1446 507 1527 Cumque
540 1452 702 1524 annueret,
740 1446 912 1510 hortabatur
949 1448 1020 1526 ille,
1058 1456 1090 1512 ut
1126 1455 1261 1531 negaret,

134 1554 256 1615 dicens:
279 1571 421 1613 reverere
446 1559 577 1612 aetatem
600 1559 700 1629 tuam,
733 1551 849 1632 aliaque
873 1551 917 1613 lais
941 1561 1160 1632 consentanea,
1184 1570 1263 1634 quae
1370 1540 1377 1552 ’

133 1658 183 1720 isti
211 1654 373 1737 ¹prolerre
396 1656 510 1718 solent:
535 1657 695 1735 jurisper
716 1654 877 1733 fortunam
901 1656 1068 1735 Caesaris,
1099 1661 1261 1737 resipisce,

134 1760 346 1824 ²conclnma:
377 1762 448 1823 tolie
478 1761 597 1840 impios.
643 1761 727 1823 Tunc
755 1760 936 1841 Polycarpus
968 1764 1053 1843 gravi
1084 1781 1120 1824 ae
1150 1781 1260 1827 severo

134 1867 217 1928 uultu
241 1867 355 1928 turbam
380 1883 495 1926 omnem
516 1864 740 1942 sceleratorum,
764 1867 814 1946 qiri
831 1867 859 1925 in
875 1864 973 1928 stadio
991 1874 1085 1945 eraut,
1108 1868 1261 1949 gentilium

134 1977 300 2047 contuens,
332 1988 509 2050 manumque
540 1970 568 2031 ln
601 1987 654 2031 eos
687 1972 865 2050 porrigens,
897 1969 1042 2051 simulque
1072 1990 1195 2053 gemens
1227 1991 1262 2035 ae

134 2076 252 2137 coelum
275 2075 442 2155 suspiciens
466 2074 554 2135 dixit:
578 2073 651 2136 tolle
674 2068 827 2151 ³impios.
872 2071 1006 2153 Urgente
1028 2092 1102 2135 vero
1125 2092 1262 2155 procon-

133 2180 202 2241 sule
218 2186 305 2260 atque
322 2179 454 2240 dicente:
470 2180 563 2257 jura,
588 2185 618 2238 et
640 2176 758 2239 dimitto
783 2184 822 2251 te,
846 2177 980 2239 maledic
997 2174 1145 2250 carisio,-
1160 2179 1261 2262 ‘Poly-

133 2301 242 2365 carpus
259 2283 429 2364 respondit:
455 2284 613 2362 octuplniu
635 2289 666 2343 et
687 2300 746 2343 sea·
769 2282 945 2359 annisum,
969 2301 1010 2344 ace
1026 2301 1086 2363 quo
1102 2285 1206 2346 sernia
1222 2285 1262 2362 ei,

133 2407 192 2450 nec
221 2408 268 2449 me
297 2388 364 2448 ulla
393 2382 498 2466 affecit
528 2387 668 2464 injuria,·
699 2394 728 2446 et
756 2387 912 2465 quomodo
931 2388 1052 2467 possim
1078 2389 1264 2454 maledicere

133 2493 203 2574 repi
226 2509 303 2568 meo,
328 2493 381 2571 qui
403 2492 522 2554 saluum
544 2509 591 2551 me
612 2488 715 2567 fecit?

134 2685 174 2748 X.
196 2684 391 2766 Polpcurpus
403 2701 437 2745 se
449 2680 661 2744 Christianum
670 2680 848 2760 profitetur,
860 2688 890 2743 et
900 2681 939 2743 de
951 2679 1078 2748 Christo
1090 2684 1177 2766 loqui
1187 2685 1263 2751 uult.

223 2806 356 2889 Urgente
371 2823 475 2868 rursus
492 2804 541 2866 illo
558 2811 588 2866 et
604 2803 740 2867 dicente:
758 2805 840 2883 jura
853 2821 912 2881 per
924 2805 1085 2886 fortunam
1101 2807 1263 2886 Caesarie,

134 2911 307 2993 respondit:
332 2913 362 2974 si
384 2929 499 2973 vanum
522 2929 563 2970 ec
586 2929 622 2973 eu
647 2909 775 2989 quoeris
798 2903 942 2988 pluriam,
965 2920 1000 2972 ut
1021 2931 1077 2992 epo
1095 2932 1155 2991 per·
1179 2911 1263 2974 Coe-

133 3017 222 3079 saris
251 3014 433 3094 fortunam,
466 3023 502 3076 ut
530 3023 562 3075 tu
587 3015 654 3089 ais,
671 3014 794 3092 jurem,
824 3009 980 3077 *simulas
1006 3024 1107 3078 autern
1129 3017 1263 3093 nescire,

135 3122 209 3202 quis
231 3122 310 3194 sim,·
327 3122 436 3200 palam
458 3119 552 3183 audi:
576 3116 777 3180 Christianus
796 3136 871 3180 sum.
917 3117 952 3178 Si
973 3138 1048 3182 uero
1069 3121 1263 3181 christianae

137 3226 303 3288 doctrinae
335 3228 490 3289 rationem
520 3225 570 3288 oie
602 3224 744 3297 discere,
780 3221 823 3284 du
852 3221 917 3285 diei
946 3226 1084 3302 spatium
1117 3234 1147 3286 et
1176 3226 1264 3287 nudi.

85 3346 88 3356 ’
136 3331 302 3394 Proconsul
325 3330 415 3393 dixit:
451 3329 634 3410 ⁵persuade
655 3326 784 3406 populo.
829 3325 1010 3409 Polycarpus
1033 3328 1202 3409 respondit:
1234 3335 1263 3390 te

137 3434 261 3514 quidem
275 3454 416 3499 sermone
433 3435 559 3518 clipnum
570 3443 648 3513 puto
657 3452 668 3505 ,·
692 3431 795 3495 edocti
810 3432 889 3492 enim
904 3450 1021 3509 sumus,
1043 3428 1058 3470 ⁶
1063 3434 1264 3512 principibus

138 3547 169 3600 et
189 3539 409 3617 potestatibus,
433 3559 454 3602 u
475 3540 541 3602 Deo
564 3536 733 3612 ordinatis,
753 3542 852 3614 prout
873 3537 977 3612 dccet,
1001 3539 1149 3601 donarem
1172 3536 1264 3600 nobis

138 3662 203 3718 non
218 3652 375 3705 nocentem
387 3642 618 3743 deferrepillos
631 3660 706 3703 uero
722 3640 869 3721 indipnos
880 3646 969 3719 puto,
985 3640 1097 3721 quibus
1108 3642 1264 3707 rationem

136 3747 280 3809 reddam.

138 3935 187 3999 Xl.
233 3935 298 3998 Nec
320 3936 505 4012 bestiarum,
535 3955 593 3998 nec
615 3937 698 4016 ipnis
720 3936 823 3999 minue
846 3935 1053 4018 Polycarpum
1081 3945 1263 4016 perterrent.

229 4056 267 4119 At
289 4057 450 4139 proconsul
478 4057 516 4119 ad
544 4058 640 4140 ipsum
672 4058 761 4120 dixit:
796 4057 1052 4134 bestimmten:
1081 4061 1130 4122 dis
1155 4069 1182 4121 te
1206 4059 1264 4123 olr-

132 4162 266 4241 Jicim,
299 4162 362 4223 nisi
393 4163 597 4225 convertaris.
642 4162 710 4244 lpse
742 4180 817 4225 vero
848 4166 1017 4244 respondit:
1050 4184 1176 4228 arcesse
1198 4183 1264 4242 eus,

139 4267 304 4329 nonenim
325 4267 440 4330 mutari
464 4286 528 4330 non
549 4285 718 4345 possumus
749 4268 954 4330 conversione
975 4286 996 4329 u
1017 4269 1198 4330 melioribus
1222 4269 1265 4330 ad

140 4372 302 4433 deteriora
310 4390 321 4443 ,·
352 4370 462 4433 bunum
492 4378 592 4431 nutem
621 4379 684 4448 esi,
715 4389 762 4433 me
786 4390 806 4433 a
829 4373 921 4432 mutis
947 4371 990 4433 ad
1004 4373 1096 4449 justa
1119 4374 1264 4434 transire.

138 4473 255 4537 Rursus
289 4475 345 4536 iste
378 4474 414 4536 od
446 4474 659 4556 Polycarpum:
694 4475 946 4556 quandoquidem
978 4473 1096 4536 bestius
1129 4474 1264 4553 spernis,

138 4578 205 4658 ipni
221 4585 250 4639 te
265 4577 388 4640 uadum
405 4579 655 4655 consumendum,
680 4578 744 4641 nisi
759 4580 945 4641 sententiam
959 4588 1066 4640 mutes.
1101 4576 1155 4640 Cui
1170 4576 1265 4658 Poly-

174 4749 203 4812 5)
222 4746 241 4799 l.
255 4765 278 4801 e.
292 4752 504 4821 audireteeulu,
523 4755 551 4805 ei
566 4754 698 4821 :papiria
717 4765 822 4802 servare
849 4749 962 4802 voluisse
985 4749 1094 4801 ridetur.
1125 4745 1190 4797 lllde
1209 4743 1266 4810 ejus
1341 4824 1343 4828 ι

136 4838 311 4905 potationem
340 4839 466 4905 supplicii
499 4840 601 4906 puteris
634 4843 688 4891 irn-
718 4839 852 4890 llistoriam
871 4836 964 4888 eccles.
982 4834 1001 4888 l.
1023 4835 1046 4886 1.
1065 4849 1089 4900 p.
1111 4832 1169 4886 teu.

137 4931 252 4993 parere.
276 4918 394 4976 uernum
412 4922 548 4995 proconsul
567 4922 690 4995 lgnstiurrr
752 4924 782 4991 6)
803 4923 853 4976 Cir.
873 4922 945 4975 llam.
965 4921 1006 4986 13,
1027 4919 1093 4976 tt.
1129 4917 1176 4978 tta
1195 4916 1221 4988 3,
1240 4916 1264 4974 1.
