3067 6450
130 1201 160 1256 s.
178 1200 328 1270 rernm]
465 1258 467 1262 Α
567 1198 823 1255 rnoasoousnrt.
1189 1191 1264 1260 ixxr

133 1361 244 1425 deinde
266 1360 303 1423 ad
325 1360 485 1425 Eusebium
508 1360 539 1425 in
561 1362 664 1442 specie
686 1362 807 1440 attinet,
836 1362 864 1424 in
889 1363 1118 1445 hieronymiana
1144 1365 1264 1445 quidem

134 1466 276 1531 chronici
313 1468 380 1550 eiua
417 1467 558 1529 versione
594 1483 675 1528 mors
708 1465 812 1547 ignatii
849 1467 886 1529 ad
924 1487 1032 1530 annum
1072 1466 1112 1531 10
1144 1470 1265 1552 'trajani

132 1568 196 1654 (=
225 1568 337 1652 torp.
363 1567 452 1653 Ch),
482 1571 629 1653 subjectio
662 1576 760 1633 eutem
784 1569 943 1634 Armeniae
970 1569 1037 1657 (et,
1068 1592 1123 1656 per
1149 1592 1264 1637 conse·

132 1676 302 1757 quentiam,
334 1677 392 1737 iter
424 1675 543 1757 Trajani
576 1671 756 1756 Asiaticum)
789 1673 827 1736 ad
860 1693 927 1737 ann.
961 1674 999 1740 15
1030 1677 1148 1759 Trajani
1180 1677 1265 1762 (114

131 1799 162 1862 p.
181 1776 254 1863 ch.)
277 1757 396 1842 notetur
411 1778 459 1862 ¹);
483 1779 537 1842 sed
561 1780 658 1844 nodus
681 1779 729 1842 hio
753 1779 862 1860 duplici
885 1781 975 1843 modo
998 1781 1131 1845 solvitur.
1169 1780 1209 1866 α)
1232 1783 1264 1845 in

131 1885 268 1967 genuino
291 1883 413 1946 Eusehii
446 1888 546 1962 textu,
576 1887 662 1967 cujus
692 1889 828 1945 veterem
858 1885 1027 1946 versionem
1057 1885 1264 1949 Armeniacum

133 1987 294 2050 Aucherus
317 1987 423 2066 edidit,
452 2006 491 2050 ne
514 1988 657 2070 syllabam
681 1988 808 2070 tegimus
835 1987 872 2049 de
897 1987 1035 2051 Armeuis
1059 1997 1089 2052 et
1110 1991 1264 2053 Parthina

134 2093 266 2174 Trojano
288 2095 437 2174 superatis
452 2089 494 2176 ²),
518 2112 577 2174 quo
600 2093 642 2172 fit,
666 2101 698 2155 ut
714 2092 857 2155 Uhthorni
879 2094 1099 2175 argumentatio
1123 2111 1184 2156 non
1209 2094 1266 2157 nisi

132 2196 302 2261 adulterato
336 2205 418 2260 textu
452 2199 568 2261 nitatur.
613 2196 655 2282 β)
689 2199 867 2276 Praeterea,
901 2200 927 2260 si
960 2200 1114 2279 duplicem
1147 2199 1266 2282 Trojani

135 2300 359 2382 expeditionem
391 2302 596 2365 Armeniacarn
630 2311 661 2366 et
690 2302 852 2365 Parthicam
885 2310 1016 2382 statuas,
1048 2305 1135 2365 etiam
1167 2309 1266 2365 textus

133 2406 272 2469 chronici
295 2406 401 2469 tatinus
424 2426 478 2470 seu
501 2407 750 2488 hieronymianas
781 2409 854 2470 actis
883 2409 994 2470 nostris
1025 2427 1085 2471 non
1109 2414 1265 2490 repugnat.

134 2506 172 2593 c)
206 2511 342 2592 denique
371 2517 442 2574 nota
474 2513 528 2575 ista
561 2511 776 2594 chronologica
808 2513 837 2575 in
868 2512 1016 2576 Chronico
1046 2512 1176 2594 paschati
1210 2529 1265 2575 seu

134 2613 341 2678 Alexandrino
360 2617 421 2697 jam
444 2615 514 2679 ideo
536 2616 621 2693 firmo
644 2622 821 2698 argumento
853 2635 923 2679 esse
955 2635 1015 2679 uon
1046 2623 1163 2697 potest,
1197 2617 1266 2697 quia

133 2720 164 2782 in
190 2721 286 2800 capite
308 2718 363 2784 21⁰
387 2727 520 2783 actorum
545 2727 714 2784 nostrorum
744 2721 830 2783 locus
861 2720 899 2782 de
929 2741 1013 2784 nono
1037 2720 1157 2802 Trajani
1186 2739 1265 2784 enno

134 2841 232 2906 agens
250 2824 311 2905 jam
334 2826 461 2905 antiquis
487 2827 670 2907 temporibus
692 2825 852 2889 lectionum
876 2828 1019 2889 varietate
1046 2845 1107 2891 non
1130 2828 1264 2890 caruisse

134 2926 350 3009 videtur(c1r.
375 2929 451 2991 inira
474 2937 538 2992 acta
561 2930 694 3012 martyrii
717 2930 745 2994 S.
770 2929 874 3012 ignatii
897 2949 925 3012 p.
950 2928 1044 3015 246).
1229 2997 1236 3013 ‚

225 3029 265 3114 3)
290 3031 457 3096 Uhthornus
479 3035 597 3096 maximi
618 3036 646 3098 id
667 3034 747 3113 iecit,
771 3035 850 3117 quod
867 3036 1012 3119 Trajanus
1028 3054 1089 3098 nou
1105 3055 1188 3099 nono
1204 3037 1265 3098 im-

133 3136 212 3218 perii
235 3137 282 3199 sui
304 3155 393 3216 anno,
416 3147 448 3201 ut
470 3146 536 3202 acta
558 3146 658 3201 nostra
682 3159 706 3202 c.
731 3139 751 3204 2
774 3140 876 3202 dicunt
898 3138 959 3224 (=
986 3137 1083 3224 106),
1107 3139 1162 3202 sed
1186 3157 1264 3202 anno
1313 3186 1327 3197 .

136 3241 255 3303 demum
282 3239 343 3306 114
365 3262 393 3323 p.
417 3243 468 3306 ch.
492 3243 678 3307 Antiochiam
700 3247 817 3307 uenerit
840 3240 914 3327 (cir.
938 3262 1029 3325 supra
1052 3266 1079 3327 p.
1104 3243 1168 3305 XL!
1191 3238 1266 3324 sip).

134 3346 197 3412 Sed
220 3344 261 3429 c)
284 3349 419 3427 quaestio
442 3347 479 3412 de
502 3366 581 3412 anno
605 3349 707 3411 mortis
725 3348 753 3412 S.
770 3347 875 3430 Ignatii
899 3346 1028 3409 nondum
1051 3347 1139 3427 plane
1162 3346 1263 3409 decisa
1334 3345 1337 3349 ’

135 3457 195 3529 est,
222 3459 252 3513 et
273 3448 315 3533 β)
339 3451 422 3514 locus
445 3457 577 3515 actorum
601 3472 626 3515 o.
649 3453 680 3531 2,
704 3470 764 3533 quo
788 3447 827 3515 ro*
850 3443 972 3513 ἔννατον
994 3443 1066 3522 ἔτος
1087 3452 1263 3527 nominatur,

135 3556 302 3636 suspicioni
325 3557 523 3637 corruptionis
546 3556 689 3639 subjacet.
734 3556 826 3618 Vetus
844 3556 992 3635 interpres
1011 3554 1118 3616 latinus
1142 3553 1264 3615 exhibet

134 3666 252 3740 quarto
275 3678 369 3736 anno,
394 3666 423 3722 et
446 3659 573 3724 Grabius
595 3661 755 3742 legendum
780 3660 893 3741 putavit
918 3652 1039 3740 rodco
1060 3651 1177 3738 ἐννάτῳ
1199 3650 1265 3719 ἔτει
1363 3710 1372 3723 .

137 3785 180 3819 =
207 3760 269 3827 116
291 3782 320 3845 p.
342 3764 428 3842 Chr,
459 3782 518 3845 qua
541 3767 729 3831 correctione
752 3764 851 3829 nodus
881 3764 993 3844 absque
1018 3762 1160 3846 graviore
1182 3760 1264 3824 dissi-

135 3866 247 3930 cuttate
269 3867 404 3930 solvitur.
754 3932 760 3944 ,
1011 3888 1017 3898 ’
1380 3851 1385 3858 ’

228 3970 366 4035 Ceterum
389 3989 450 4035 non
473 3988 601 4054 negem,
631 3974 814 4056 argumentis
842 3973 899 4036 iltis
929 3971 1107 4062 authentiam
1130 3977 1264 4034 actorum

135 4074 350 4155 aliquantutum
372 4083 540 4158 suspectam
563 4076 665 4155 reddi,
695 4075 749 4139 sed
779 4077 857 4139 inter
886 4076 1065 4139 authentiam
1095 4082 1265 4158 suspectam

136 4186 170 4242 et
199 4179 392 4242 certissimam
422 4174 554 4243 νοθείαν
583 4181 738 4261 plurimum
765 4181 900 4243 interest.
945 4179 1113 4243 Addamus:
1144 4175 1181 4260 a)
1205 4198 1266 4241 ex·

137 4283 315 4363 ceptiones,
353 4301 431 4364 quae
467 4284 613 4348 adversus
649 4285 814 4348 Romanum
850 4283 955 4365 Ignatii
997 4284 1054 4346 iter
1090 4283 1266 4363 itinerisque

137 4386 287 4449 rationem
309 4393 379 4449 sunt
401 4388 543 4469 prolatae,
567 4387 665 4451 sutiles
686 4394 766 4466 sunt,
789 4386 869 4468 quod
882 4389 941 4469 jam
958 4404 998 4449 ex
1015 4387 1060 4464 iis,
1083 4404 1160 4468 quae
1175 4403 1266 4467 supra

138 4509 169 4572 p.
191 4489 285 4553 xutx
305 4507 350 4571 sq.
374 4490 411 4554 ad
434 4494 491 4555 iter
513 4491 571 4555 hoc
593 4491 813 4556 defendendum
835 4491 1021 4573 protulimus,
1043 4490 1176 4572 adparet.

178 4680 206 4748 1]
233 4682 347 4735 Emehir'
376 4677 534 4746 chronicon,
569 4683 594 4733 in
625 4678 690 4748 Opp.
752 4680 783 4748 2)
807 4681 920 4735 Boeotii
943 4677 1086 4731 chronicon
1112 4676 1266 4744 bipartitum,

140 4763 169 4817 S.
187 4768 294 4820 Hieron.
314 4764 354 4816 ed.
367 4768 463 4836 Miprre,
482 4764 509 4819 T.
523 4765 587 4818 vttt.
603 4784 627 4835 p.
640 4766 690 4817 607
718 4781 796 4834 opera
817 4763 843 4816 Ρ.
863 4768 907 4819 Jo.
922 4764 996 4834 Bapt.
1010 4768 1113 4817 Aucher
1131 4761 1267 4826 Ancyram,

140 4859 169 4905 et
187 4851 253 4916 6103
278 4859 306 4904 et
322 4850 389 4919 apud
408 4855 539 4922 scatiper,
558 4853 691 4905 thesaurus
718 4852 835 4904 monachi
853 4851 950 4902 armeni
969 4858 995 4901 et
1013 4848 1125 4900 doctoris
1143 4846 1267 4898 mechini-

140 4946 301 5005 temporum,
327 4952 352 5004 p.
375 4936 423 4988 165
447 4939 511 5004 (non
531 4955 555 5006 p.
577 4937 640 5003 195,
665 4947 691 4990 ut
717 4940 803 4992 ristae.
834 4934 1017 4989 Venet.1818.
1039 4934 1065 4987 Τ.
1085 4934 1115 4987 11.
1134 4951 1160 5002 p.
1173 4933 1232 4986 281.

140 5025 210 5094 apud
222 5022 377 5075 Uhthornum
390 5022 407 5076 l.
418 5040 440 5076 c.
453 5040 479 5092 p.
491 5022 542 5076 259
559 5024 689 5095 tegimus).

194 5128 261 5169 rma
275 5134 339 5179 ιμι.
354 5125 392 5168 ar.
406 5127 442 5169 nr.
655 5173 658 5180 ,
1035 5109 1060 5174 Ε
