3067 6450
394 1192 518 1249 tonum
535 1193 694 1251 seurota
713 1193 759 1248 AD
779 1192 985 1250 subeundos.
1003 1194 1057 1250 xli
1074 1195 1156 1258 xm„
1262 1199 1327 1266 233

598 1443 659 1507 Xll.
703 1443 926 1509 salutationes.

292 1567 401 1632 Salutat
422 1583 479 1629 vos
508 1563 660 1629 'charitas
685 1566 825 1645 fratrum,
857 1569 906 1648 qui
931 1567 1048 1631 Troade
1074 1577 1158 1648 sunt,
1188 1570 1267 1634 unde
1299 1578 1330 1635 et

199 1674 303 1737 scribo
320 1673 403 1734 robis
420 1690 476 1752 per
491 1669 670 1749 ’bombum
693 1690 780 1751 quem
798 1689 852 1733 ros
870 1691 926 1733 una
943 1692 1008 1735 cum
1025 1673 1171 1755 Ephesiis,
1189 1675 1329 1738 tratribus

200 1778 324 1855 uestris,
346 1778 475 1854 misistis,
499 1783 529 1839 ut
548 1796 595 1839 me
614 1778 817 1852 comitaretur,
841 1778 890 1859 qui
908 1779 987 1840 omni
1004 1779 1092 1842 modo
1109 1797 1156 1840 mc
1171 1782 1328 1842 recreavit.

201 1885 302 1965 Atque
325 1886 432 1947 utinam
457 1903 560 1947 ornnes
584 1885 661 1946 illum
687 1885 851 1958 imitentur,
884 1900 974 1963 quum
1002 1884 1040 1944 sit
1063 1884 1215 1964 exemplar
1238 1882 1330 1945 divini

202 1989 368 2050 ministerii.
413 1988 628 2051 Remrrncretur
657 1990 751 2070 ipsum
781 1988 877 2068 gratia
906 2007 960 2069 per
984 1989 1090 2050 omnia.
1136 1990 1236 2051 Saluto
1261 1988 1330 2068 epi-

204 2112 328 2174 scopum
352 2094 417 2155 Deo
442 2092 717 2175 dignmn,el1)eo
742 2092 963 2154 dilectissimum
986 2093 1224 2174 presbyterium,
1253 2100 1332 2154 con-

204 2216 311 2260 serens
334 2216 417 2260 meos
441 2197 591 2276 diaconos,
614 2198 844 2279 singillatimque
865 2215 900 2259 ac
920 2198 948 2258 in
971 2198 1142 2259 uniuersum
1164 2213 1278 2274 omnaS,
1302 2197 1331 2257 iu

204 2304 326 2364 nourine
348 2301 421 2364 lesu
445 2303 566 2382 Christi,
598 2310 627 2365 ct
657 2305 686 2365 in
715 2321 805 2365 carne
837 2303 903 2384 ejus
933 2309 963 2363 et
993 2303 1157 2384 sanguine,
1190 2302 1331 2380 passione

206 2413 237 2468 et
269 2409 490 2471 resurrectione
528 2407 676 2490 corporali
713 2408 800 2470 simul
839 2414 868 2468 et
905 2407 1066 2489 spirituali,
1105 2403 1161 2467 ³in
1200 2406 1332 2483 nornine,

205 2511 236 2572 in
275 2512 385 2595 apione
418 2511 474 2574 Dei
511 2512 671 2574 uobiscum.
726 2510 825 2574 Gratia
859 2512 963 2590 vobis,
1001 2509 1223 2589 misericordia,
1261 2527 1333 2591 parr,

205 2615 346 2696 patientia
369 2616 407 2678 sit
428 2633 555 2697 semper.

601 2805 673 2870 Xlll.
718 2808 943 2871 salutationes.

296 2928 397 2991 Saluto
421 2926 544 2991 lamilias
577 2929 699 2994 lralrum
729 2931 863 2994 maorun'u
894 2949 960 2993 cum
992 2929 1136 2992 uxoribus
1169 2938 1198 2992 et
1221 2930 1334 3008 liberis,

207 3040 240 3096 ct
270 3034 422 3116 virgines,
453 3041 576 3098 vocatas
600 3033 741 3098 ⁴viduas.
787 3037 893 3098 Fortes
923 3036 987 3095 sitis
1019 3035 1048 3095 in
1072 3037 1180 3097 uirtute
1205 3032 1335 3095 ⁵l'utria.

208 3139 321 3203 Salutat
346 3157 400 3200 vos
423 3133 542 3218 ⁶l'bilo,
565 3140 614 3220 qui
638 3159 750 3204 mecum
776 3147 830 3203 cst.
877 3140 978 3202 Saluto
1004 3133 1147 3201 ⁷Gaviam
1167 3145 1196 3200 et
1217 3138 1336 3200 donnum

210 3246 296 3325 ejus,
321 3263 405 3324 quarn
429 3252 499 3326 opto
524 3245 632 3307 firmari
656 3245 713 3308 lrde
736 3253 765 3308 et
789 3246 931 3307 cbarilate
955 3245 1101 3324 corporali
1130 3251 1160 3304 ct
1183 3242 1335 3323 spirituali.

210 3348 314 3411 Saluto
349 3348 462 3428 Alcen,
500 3349 696 3412 desiderabile
731 3352 800 3413 mibi
838 3370 964 3429 nomeu,
1002 3357 1031 3412 ct
1066 3349 1218 3429 Uapbuum
1256 3342 1337 3408 ⁸in·

211 3455 460 3534 comparabilem,
492 3461 522 3517 cl
543 3454 723 3535 Eutecnum,
754 3473 919 3535 omnesque
949 3455 1127 3516 nominatim.
1174 3453 1277 3514 Valete
1307 3454 1337 3515 iu

212 3560 308 3641 gratia
332 3557 395 3620 Del.

211 3774 296 3816 tamen
332 3762 539 3832 appellabantur,
582 3765 639 3834 quia
675 3766 762 3833 primia
824 3765 852 3823 oi
872 3760 923 3815 cra.
942 3778 1017 3829 snpra
1038 3777 1059 3813 e.
1082 3758 1122 3811 10.

213 3851 339 3903 certesiae
353 3850 507 3918 temporibus
520 3854 614 3905 viduae
629 3852 660 3902 ad
674 3870 762 3904 ananus
823 3851 851 3911 7)
870 3850 905 3903 lta
920 3866 975 3901 cum
989 3848 1170 3915 lnterpolatore
1183 3856 1209 3900 et
1219 3846 1340 3901 Armenio

212 3937 419 3989 Diaconiaaarum
439 3937 500 4005 etigr
519 3937 643 3990 notabam„
791 3939 925 4007 legendum
945 3946 1015 4005 puto.
1053 3938 1097 3988 lla.
1121 3931 1227 3992 Traube

249 4027 279 4090 5)
306 4023 342 4075 lta
371 4041 427 4076 cum
455 4025 537 4075 veteri
569 4024 706 4091 interprete
737 4034 763 4076 et
826 4026 856 4094 a)
875 4024 909 4076 lta
930 4026 973 4079 tle.
994 4024 1110 4076 Smitbiua
1129 4024 1234 4089 conjicit
1250 4019 1342 4090 ’Λαόγ-

212 4113 331 4163 versione
362 4114 512 4164 Armeniaca
548 4112 683 4182 legendum
717 4120 763 4164 eat.
791 4130 885 4178 xpraor,
913 4111 959 4162 ele.
985 4110 1058 4164 liora.
1079 4113 1120 4178 t6,
1145 4111 1185 4163 rt.
1223 4108 1340 4163 Benace:

213 4197 259 4250 dle.
278 4195 423 4264 πνεύματος.
772 4197 836 4250 ,τὸν
854 4196 1015 4266 Ἁσυγκρίιου.
