3067 6450
260 1196 286 1251 S.
306 1193 489 1249 comosum
506 1192 665 1250 uutssotn
684 1195 729 1249 Al)
749 1192 985 1250 Pmuutunsus
1003 1195 1058 1251 ΧΠ.
1076 1196 1139 1251 ml.
1200 1199 1261 1266 271

134 1359 196 1423 Xll.
242 1358 400 1443 lpnuscite
431 1362 468 1425 ei.
514 1362 599 1427 Deus
629 1362 719 1426 uobis
750 1364 880 1428 uirtutes
911 1361 1037 1425 tribuat.
1083 1361 1177 1425 Orate
1204 1381 1264 1442 pro

442 1470 595 1547 omnibus,
620 1470 711 1532 etium
732 1490 793 1551 pro
817 1469 961 1532 inimicis.

230 1569 375 1637 'Confido
399 1574 476 1636 enim
500 1593 555 1638 vos
578 1577 655 1639 bone
672 1576 853 1639 exercitatos
870 1593 938 1638 esse
954 1575 982 1636 in
999 1574 1093 1638 sacris
1109 1572 1212 1652 litenis,
1236 1577 1266 1635 et

134 1676 206 1738 nihil
230 1694 285 1739 vos
310 1677 397 1755 latet3
428 1676 528 1741 ‘²mihi
551 1689 649 1743 autom
673 1700 732 1745 non
758 1688 803 1744 est
834 1699 1020 1745 concessum.
1066 1675 1202 1757 ³lllodo,
1233 1682 1266 1740 ut

135 1780 181 1842 his
204 1784 358 1864 scripturis
379 1783 487 1847 dictum
508 1792 564 1863 est,
588 1781 790 1849 ⁴ircucimint
808 1795 838 1848 et
855 1787 952 1849 notite
969 1803 1114 1864 peccare,
1139 1790 1169 1844 ct
1192 1780 1266 1846 ⁵sol

135 1907 196 1948 nou
224 1890 351 1951 occidat
372 1909 466 1970 aupes·
488 1891 685 1953 iracundiam
708 1901 853 1954 uestrum.
901 1891 1025 1968 Beatus,
1050 1889 1105 1969 ,qui
1129 1885 1264 1950 ⁶memi-

135 1993 231 2068 nerit;
263 1993 344 2073 quod
377 2013 435 2075 ego
468 1996 560 2058 credo
593 2014 662 2059 esse
696 1998 724 2059 in
755 1999 849 2059 vobis.
894 1997 975 2059 Deus
1006 2001 1102 2057 aulem
1126 2000 1155 2055 et
1178 1994 1265 2055 Pater

135 2097 254 2161 Domini
279 2101 374 2161 nostri
397 2099 470 2163 Jesu
493 2101 616 2179 Christi,
649 2109 679 2163 et
710 2104 774 2183 ipse
805 2101 1001 2182 sempiternus
1025 2097 1177 2181 pontifex,
1207 2097 1263 2159 Dei

135 2203 212 2265 tilius
244 2203 334 2267 Jesns
367 2206 517 2285 Christus,
549 2205 685 2269 aedificet
717 2226 772 2270 vos
804 2208 832 2268 in
864 2207 922 2269 tide
947 2211 977 2267 et
998 2205 1140 2284 veritate,
1174 2210 1204 2266 et
1234 2204 1264 2266 in

135 2310 215 2370 omni
240 2310 476 2389 mansuetudine,
501 2318 530 2374 et
553 2313 619 2373 sine
642 2312 805 2391 iracundia,
829 2317 858 2374 et
874 2313 902 2373 in
920 2310 1057 2393 patientia
1074 2316 1103 2372 et
1118 2309 1263 2392 longani-

135 2416 235 2477 mitate
258 2422 288 2476 et
312 2415 467 2478 tolerantia
491 2422 521 2479 ct
543 2418 676 2479 castitate
684 2437 694 2494 3
726 2424 755 2479 et
779 2418 829 2480 det
853 2417 937 2480 vobis
961 2424 1072 2478 sortem
1098 2421 1128 2477 et
1150 2420 1262 2496 purtem

136 2521 214 2582 inter
236 2528 356 2583 sanctos
381 2540 463 2600 suos,
488 2529 518 2583 et
541 2523 627 2584 notris
652 2522 806 2583 vobiscum
831 2528 861 2583 et
881 2521 1027 2599 omnibus,
1050 2520 1099 2601 qui
1121 2526 1189 2582 sunt
1206 2518 1261 2581 sub

135 2626 241 2706 coelo,
273 2627 323 2706 qui
346 2627 487 2690 credituri
511 2628 630 2689 suntin
654 2627 810 2690 Dominum
835 2634 968 2691 nostrum
990 2625 1092 2688 lesum
1116 2625 1263 2688 Christum

135 2738 166 2793 et
197 2733 226 2792 in
257 2732 349 2812 ipsius
372 2732 506 2810 Patrem,
538 2732 589 2812 qni
617 2727 845 2794 ⁷ccausciluoit
873 2753 940 2795 eum
969 2755 988 2792 a
1020 2731 1159 2794 mortuis.
1204 2731 1262 2794 Pro

135 2837 273 2899 omnibns
296 2838 405 2899 sanclis
430 2844 522 2900 orate.
567 2832 684 2900 8Orate
706 2840 792 2902 etiarn
810 2858 865 2920 pro
881 2840 1004 2922 regibus
1022 2845 1051 2901 et
1066 2837 1261 2919 potestatibus

135 2948 163 3005 cl
188 2943 379 3023 principibus,
404 2939 522 3025 ⁹atque
544 2962 600 3025 pru
624 2946 873 3025 persequentibus
897 2951 927 3006 et
950 2944 1119 3007 odientibus
1143 2960 1208 3020 vos,
1231 2947 1262 3004 et

134 3066 191 3129 pro
216 3049 340 3111 inimicis
363 3050 477 3125 crucis3
500 3056 532 3111 ut
556 3048 668 3112 iructus
692 3056 794 3113 vester
816 3048 990 3112 manifestus
1012 3048 1050 3109 sit
1067 3049 1096 3109 in
1113 3048 1260 3126 omnibus,

134 3161 166 3216 ut
190 3155 254 3216 sitis
278 3156 307 3217 in
330 3155 380 3218 illo
405 3153 540 3236 perlecti.

133 3346 207 3409 Xlll.
254 3347 414 3428 Epistulas
436 3357 560 3410 oestrus
582 3347 784 3412 Antioclcnia
813 3349 943 3411 trudam.
992 3346 1083 3411 Vobis
1108 3345 1260 3426 epistolas

581 3454 697 3534 lpnutt'i
719 3455 815 3517 millu.

225 3569 251 3611 ¹⁰
265 3573 431 3656 Scripsislis
455 3577 491 3639 ad
515 3595 562 3640 me
586 3584 616 3640 et
639 3595 695 3641 vos
719 3584 748 3640 et
777 3575 798 3613 ¹¹
814 3575 954 3658 ignatius,
981 3582 1021 3654 ut,
1044 3576 1069 3637 si
1093 3574 1159 3655 quis
1182 3573 1261 3637 iurtu

133 3674 170 3763 [e
193 3677 334 3764 Smyrna]
358 3682 386 3743 in
415 3679 440 3719 ¹²
455 3681 569 3766 Syriam
593 3682 852 3765 proficisceretur,
878 3687 993 3742 vestros
1017 3698 1137 3761 quoque
1159 3680 1261 3742 literas

134 3803 173 3845 eu
205 3783 354 3861 deferrem
388 3785 469 3866 quod
501 3784 620 3867 quidem
652 3787 821 3869 perficiam,
856 3787 881 3848 si
913 3791 1028 3866 tempus
1061 3792 1261 3865 opportunum
1313 3838 1320 3849 .

133 3896 239 3952 nactus
270 3889 374 3967 iucro;
406 3892 454 3955 vel
485 3912 544 3974 ego
577 3894 656 3975 ipse,
690 3893 736 3954 vel
767 3910 822 3973 per
851 3890 938 3952 alium
963 3890 1142 3971 quempiam,
1172 3906 1260 3966 quem

132 3992 265 4075 tegetum
289 4002 320 4058 et
342 4014 398 4077 pru
421 3998 507 4061 vobis
531 3998 650 4061 mittam.
701 3994 725 4036 ¹³
739 3996 888 4078 Epistulas
910 3996 1031 4077 ignatii,
1055 4012 1129 4076 quas
1152 3994 1188 4057 ad
1212 4012 1261 4057 mu

132 4184 231 4236 sellium
251 4183 314 4238 ssiat.
335 4186 399 4238 cccl.
412 4186 454 4251 lll,
466 4187 509 4239 36.
538 4185 588 4238 cn.
607 4201 682 4254 supra
711 4165 874 4237 ecclesiarum
917 4185 1094 4252 gratulatorias
1137 4185 1258 4237 traderet.

130 4272 228 4339 putto.
259 4272 426 4325 Nihilominus
445 4281 524 4324 totum
540 4270 683 4340 caputlllll
710 4271 815 4325 Praeter
839 4272 888 4324 hoc
913 4271 1000 4339 Ignatii
1029 4272 1173 4323 mandatum
1199 4269 1259 4321 Plti·

131 4361 245 4424 spnrium
265 4368 335 4427 putat
351 4359 527 4426 Dnltitacluty
547 4359 681 4413 cinllun-
710 4358 838 4425 lippenaea
868 4373 970 4427 quoquo
1007 4360 1055 4427 ipsi
1091 4357 1259 4425 Polycarpum

130 4449 241 4515 simper,
268 4445 286 4498 l.
305 4463 327 4497 c.
354 4464 379 4516 p.
399 4446 458 4500 406.
495 4445 546 4498 cn.
575 4446 607 4499 do
633 4445 683 4497 huc
711 4444 830 4512 precibus
848 4445 972 4510 adierant,
990 4456 1016 4497 ut
1035 4446 1258 4513 ipsorumepiato·

131 4534 216 4599 capite
236 4536 329 4600 Italic,
349 4537 405 4602 Ans.
428 4550 453 4602 p.
475 4534 533 4586 ⁴83.
709 4533 758 4584 lam
768 4549 815 4585 auu
825 4532 911 4601 legato
921 4534 1034 4585 truderet
1045 4533 1077 4584 ud
1087 4530 1259 4583 Antiochenun

152 4617 196 4678 tl)
216 4617 282 4670 Vide
303 4618 357 4688 lgn.
375 4622 406 4671 ad
427 4619 511 4688 Polyc.
530 4638 553 4673 c.
572 4620 596 4674 8.
709 4618 896 4688 perimendum.
922 4619 966 4672 flu
984 4621 1050 4673 votis
1068 4634 1097 4671 oc
1115 4631 1272 4683 responsu-⁴

150 4704 195 4767 12)
214 4704 233 4756 1.
246 4721 270 4757 u.
283 4709 452 4762 Antiochiam.
473 4706 583 4777 ignatius
595 4707 681 4776 (ui.)
709 4723 763 4759 rum
783 4724 840 4758 cusu
859 4706 1013 4774 Polycarpua
1032 4706 1174 4773 pollicetur.

131 4790 467 4859 Polycarpomandayerat,
489 4803 515 4845 ut
533 4797 588 4862 ipso
607 4794 682 4862 laga·
728 4793 773 4857 ta)
798 4794 966 4862 Designuntur
990 4793 1055 4844 dnae
1081 4790 1171 4859 lgnntii
1199 4787 1257 4854 cpi·

130 4888 182 4931 tum
202 4878 234 4930 ad
254 4880 387 4933 ecclesiam
407 4880 592 4933 Antiochenam
620 4882 681 4931 mit·
708 4881 805 4944 atulam
832 4896 882 4931 una
910 4879 942 4931 ud
969 4878 1151 4945 Polycarpum,
1177 4874 1258 4928 altem

129 4972 207 5030 teret,
226 4965 260 5017 ob
278 4982 368 5034 pacem
383 4968 532 5031 restitutam,
551 4975 577 5019 ct
593 4966 629 5034 (c.
641 4965 680 5032 8.)
709 4965 740 5017 nd
760 4966 937 5033 smyrnensem
956 4962 1100 5017 ecclesiam.
1129 4964 1225 5015 Cornu.

130 5051 190 5106 truie
217 5053 303 5124 legato
330 5053 404 5108 simul
430 5052 551 5121 epistulas
577 5053 681 5107 altarum

1154 5201 1347 5301 .-
1440 5303 1442 5307 ,
