3067 6450
479 1206 661 1262 aursana
679 1207 845 1263 artsrotu.
873 1208 937 1263 xtx.
960 1158 963 1169 Ι
1226 1213 1269 1280 47

148 1369 242 1448 beris,
267 1386 327 1433 non
351 1367 525 1432 adulterium
547 1366 657 1447 facies,
679 1386 791 1451 pueros
812 1388 872 1434 non
897 1386 1081 1453 corrumpor.
1123 1369 1208 1434 ¹Non
1229 1389 1270 1435 ex
1324 1448 1326 1453 ,

147 1479 174 1536 te
197 1473 325 1537 verbum
350 1473 405 1535 Dci
429 1472 458 1535 in
481 1473 665 1553 quorundam
690 1473 856 1553 impuritate
879 1483 977 1539 creat.
1024 1472 1115 1538 ¹Non
1139 1476 1269 1557 accipies

146 1596 306 1659 personam
329 1580 357 1640 in
383 1578 539 1659 arguendo
564 1577 726 1658 cujuspiam
751 1574 869 1659 ³iapsu.
917 1578 981 1640 Eris
1006 1586 1184 1658 mansuetus,
1208 1580 1269 1642 eris

145 1684 273 1763 quietus.
319 1680 568 1744 ¹contremiscas
598 1678 634 1742 ad
664 1683 775 1759 verba,
810 1700 886 1762 quae
910 1683 1056 1746 audivisti.
1100 1684 1194 1746 Fratri
1217 1689 1268 1746 tuo

144 1787 296 1870 ignosces.
344 1782 433 1849 ⁵Non
458 1785 605 1868 ambigas,
629 1790 726 1847 utrum
751 1785 881 1848 tutorum
903 1782 981 1866 ⁶sit‚
1005 1805 1109 1866 necne.
1146 1786 1194 1850 Ne
1215 1804 1269 1850 aa·

143 1907 243 1954 sumas
267 1892 296 1953 in
321 1907 426 1953 uanum
451 1883 582 1952 ¹nomen
599 1889 725 1951 Domini.
764 1889 878 1974 Diliges
901 1893 1068 1973 proximum
1097 1898 1177 1953 tuum
1203 1891 1269 1975 ptus

143 2013 231 2076 quam
254 1996 379 2059 enimam
399 2002 487 2058 tuero.
531 1989 626 2056 8Νοιι
649 1993 810 2056 interficies
835 1992 946 2056 iactum
970 1995 998 2057 in
1022 1995 1190 2075 abortione,
1212 2012 1270 2057 nee

143 2101 231 2161 etiam
262 2099 413 2162 interimas
442 2102 511 2180 post
539 2097 731 2160 nativitatem.
784 2092 864 2161 ⁹Ne
893 2099 1013 2162 auferas
1045 2117 1161 2162 manum
1190 2105 1269 2162 tuam

143 2223 156 2266 a
180 2204 244 2266 filio
269 2209 337 2283 tuo,
361 2205 408 2267 vel
432 2222 449 2266 a
472 2203 530 2266 filia
554 2209 619 2279 tua3
643 2203 698 2264 sed
719 2222 735 2265 a
757 2203 885 2284 pueritia
908 2203 1032 2266 docebis
1056 2221 1109 2265 eos
1134 2205 1269 2266 timorem

143 2307 271 2370 Domini.
309 2308 391 2371 Bona
414 2307 540 2391 proximi
564 2307 605 2370 tui
630 2327 688 2372 non
712 2311 920 2391 concupisces,
950 2306 973 2346 ¹⁰
987 2328 1043 2371 nec
1066 2311 1125 2372 eris
1148 2327 1268 2372 avarus.

141 2411 249 2492 Neque
273 2430 312 2475 ex
334 2414 429 2476 anima
452 2419 501 2477 tua
523 2413 700 2476 adhaerebis
723 2415 879 2496 superbis3
903 2412 957 2476 sed
981 2431 1046 2475 cum
1066 2413 1156 2495 justis
1179 2419 1269 2493 atque

140 2513 300 2577 homitibus
315 2515 503 2580 adscriberis.
546 2515 564 2554 ¹¹
581 2518 665 2591 Quae
680 2519 731 2581 tibi
748 2520 922 2600 contingunt
943 2516 966 2555 ¹¹
977 2519 1164 2596 vexationes,
1190 2526 1269 2580 tam·

141 2637 230 2700 quam
247 2620 325 2684 bona
340 2621 469 2685 admitte.
506 2618 608 2691 ¹³Non
624 2625 684 2686 eris
703 2624 874 2686 inconstans
891 2641 947 2685 nee
962 2622 1119 2705 bilinguis3
1143 2622 1268 2703 laqueus

141 2725 221 2786 eninr
243 2726 348 2787 mortis
370 2732 417 2788 est
438 2726 538 2809 lingua
561 2725 681 2809 duplex.
725 2729 899 2811 subjicieris
919 2727 1044 2790 Domino
1063 2727 1144 2806 Deo,
1172 2726 1195 2764 ¹¹
1209 2727 1270 2790 do·

140 2829 228 2892 minis
253 2847 338 2907 vero,
363 2840 395 2893 ut
418 2831 473 2894 Dei
495 2833 625 2913 imagini,
653 2834 683 2894 in
708 2831 890 2895 uerecundia
915 2838 944 2894 et
967 2833 1081 2894 timore.
1131 2829 1216 2893 ¹⁵Ne
1239 2832 1268 2896 in

141 2934 336 2997 amaritudine
359 2936 489 3018 imperes
511 2936 636 2998 ancittae
658 2943 707 2998 aut
728 2954 818 3000 servo
839 2944 901 3016 turo,
925 2937 1023 3017 quiin
1044 2935 1171 2999 cundem
1194 2953 1269 3017 spe·

142 3046 224 3115 raot;
250 3056 288 3100 ne
312 3037 389 3103 sorte
411 3058 471 3103 non
491 3041 595 3103 timeas
613 3041 726 3119 Deum,
749 3043 800 3121 qui
819 3058 911 3121 super
927 3047 1084 3120 utrumque
1102 3046 1163 3118 ost,
1188 3058 1269 3120 qun·

143 3145 219 3206 niam
239 3161 300 3207 non
320 3146 401 3208 verrit
416 3163 527 3207 vocare
546 3145 709 3207 secundum
732 3141 758 3182 ¹⁶
770 3163 939 3227 personam,
962 3145 1016 3205 sed
1040 3145 1204 3206 secundum
1229 3143 1268 3222 id,

146 3243 261 3329 ¹¹quos
277 3250 398 3331 spiritus
412 3253 643 3333 praeparaverit.
693 3246 717 3288 ¹¹
731 3250 967 3313 Communicabis
991 3250 1020 3310 in
1044 3249 1180 3310 omuibus
1204 3265 1271 3310 cuer

145 3356 282 3433 proximo
306 3360 374 3434 tuo,
396 3373 452 3417 aec
475 3355 634 3435 quidquam
658 3354 740 3417 dices
764 3357 928 3436 proprium;
959 3355 984 3415 si
1008 3353 1084 3413 enim
1110 3353 1138 3414 in
1165 3353 1270 3414 incor-

144 3459 239 3539 ruptis
261 3463 420 3521 consortes
439 3461 528 3537 estis‚
552 3460 776 3540 quantomagis
797 3459 825 3517 in
845 3458 897 3534 iis,
921 3473 997 3536 quae
1017 3454 1270 3535 corrumpuntur?

145 3561 208 3625 Non
228 3563 290 3624 eris
306 3562 406 3644 lingua
423 3580 587 3645 praeceps3
609 3561 644 3624 os
663 3563 740 3622 enim
760 3561 886 3640 laqueus
904 3568 949 3622 est
970 3560 1080 3622 mortis.
1124 3559 1270 3632 Quantum

144 3672 246 3746 potes,
278 3673 378 3729 castus
405 3669 447 3730 sis
482 3661 629 3729 ¹⁹anime.
676 3660 785 3726 ¹⁰Noti
816 3665 973 3747 porrigere
1004 3681 1107 3726 manus
1137 3671 1203 3725 tuas
1233 3660 1270 3724 ad

145 3770 365 3851 accipiendum,
397 3770 582 3834 addendum
607 3788 682 3832 vero
706 3768 894 3831 contrahere.
940 3769 1052 3850 Diliges
1077 3775 1108 3828 ut
1131 3766 1269 3848 pupillam

145 3875 223 3938 oculi
246 3877 291 3938 tui
313 3892 447 3955 omnem,
474 3878 524 3956 qui
548 3877 599 3939 tibi
620 3875 760 3955 loquetur
790 3874 913 3935 verbum
937 3873 1061 3935 Domini.
1105 3867 1131 3909 ²¹
1148 3869 1179 3932 ln
1203 3888 1270 3933 me·

146 3980 269 4042 moriam
299 3987 377 4042 tuum
409 3988 498 4044 noete
527 3998 562 4041 ac
589 3980 636 4043 die
668 3980 826 4041 revocabis
852 3979 958 4060 judicii
989 3977 1075 4038 diem.
1122 3976 1270 4056 Exquiraa

146 4085 278 4163 quotidie
300 4083 398 4145 vultus
420 4093 606 4162 sanctorum,
630 4081 697 4144 ¹¹et
719 4086 747 4144 in
771 4101 910 4145 sermone
934 4101 987 4145 eos
1011 4088 1216 4162 perscrutans,
1241 4082 1271 4139 et

146 4187 179 4248 ad
202 4186 422 4250 exhortandum
445 4187 605 4267 incedens,
630 4194 659 4251 et
674 4187 837 4264 meditans,
861 4186 1012 4267 quomodo
1032 4186 1156 4247 animaru
1175 4183 1268 4245 verbo

163 4340 207 4404 15)
228 4339 314 4393 Consi.
335 4341 423 4409 Apost.
443 4340 496 4407 Vll,
517 4341 555 4394 13.
739 4341 787 4409 22)
805 4340 842 4392 lta
861 4339 963 4391 Vossius
981 4347 1007 4390 et
1026 4337 1181 4390 Gallandiur.
1213 4335 1268 4388 Co-

163 4428 208 4491 16)
228 4425 283 4479 cn.
302 4412 403 4495 ΕῃΙιοι.Ι
415 4430 440 4493 6,
459 4428 485 4479 9.
543 4485 552 4502 ο
720 4426 825 4478 taleriur
850 4426 927 4494 legit:
956 4427 1068 4472 σκοπιῶν.
1104 4426 1178 4478 Natta
1204 4420 1221 4472 1.
1246 4437 1269 4474 c.

165 4515 208 4575 17)
227 4512 280 4566 cn.
300 4514 373 4567 Dora.
392 4516 419 4580 8,
437 4516 479 4567 29.
499 4515 540 4567 30.
720 4513 838 4578 conjicit:
863 4510 904 4561 dra*
927 4508 998 4577 λόγου
1021 4512 1111 4559 κοπιῶν
1137 4529 1173 4555 =
1199 4517 1223 4562 ar
1240 4510 1270 4560 ia

164 4601 209 4660 18)
229 4599 282 4652 Cir.
302 4601 358 4654 Act.
378 4602 405 4667 4,
424 4602 467 4654 32.
497 4600 585 4653 Cenat.
603 4600 693 4666 Aport.
715 4588 778 4653 ‘rure
796 4603 949 4653 erudiendis
967 4600 1079 4661 audone,
1100 4602 1126 4645 ut
1144 4593 1230 4644 tram.
1243 4593 1269 4656 5,

151 4685 200 4750 Vll,
220 4687 263 4738 12.
723 4687 767 4735 17:
789 4684 811 4733 οἱ
830 4687 959 4740 κοπιῶντες
976 4680 1001 4731 ἓν
1020 4680 1083 4747 λόγῳ
1103 4702 1138 4727 =
1159 4682 1205 4747 qut'
1222 4680 1268 4729 la·

166 4774 209 4840 19)
228 4774 264 4826 lta
284 4778 394 4840 Durra.;
414 4773 460 4828 lia.
479 4772 546 4840 turp.
720 4776 813 4826 borant
830 4775 859 4824 in
876 4774 964 4825 aerbo.
995 4768 1073 4820 Forte
1092 4765 1144 4833 leg.
1160 4766 1199 4811 καὶ
1211 4758 1269 4808 δια-

164 4862 209 4925 20)
229 4860 281 4913 Cir.
299 4860 380 4913 Decii.
394 4862 421 4926 d,
437 4862 478 4915 31.
497 4862 536 4927 (ν.
551 4858 584 4911 36
605 4855 693 4927 vulg.)
719 4855 803 4925 λόγους
821 4858 871 4925 [rc.
890 4852 984 4923 αὐτῶν]
1002 4854 1113 4913 σκοπῶν,
1136 4860 1269 4901 sermones

151 4944 233 4999 donat.
253 4947 342 5015 Apoat.
364 4947 418 5013 VD,
438 4947 479 4998 tr.
721 4960 810 4997 eoram
828 4951 998 5013 perscrutans.
1368 4949 1371 4955 '

165 5031 211 5102 21)
229 5031 316 5088 &aab
336 5033 426 5104 Aport.
444 5033 500 5101 VD,
518 5035 544 5085 D.
