3067 6450
185 1193 351 1265 nubs]
625 1192 880 1250 ettotsoonsnn.
1240 1196 1317 1251 xctx

185 1358 215 1425 Χ
243 1357 451 1423 similitudines
481 1355 693 1438 complectitur.
738 1358 819 1420 llaec
850 1357 958 1422 divisio
992 1356 1212 1439 posterioribus
1247 1356 1315 1420 edi-

185 1466 303 1531 toribus
325 1461 521 1527 adscribenda
545 1468 606 1536 est;
630 1462 776 1542 siquidem
800 1463 876 1526 illam
900 1482 998 1545 neque
1017 1463 1099 1529 mss.
1123 1463 1315 1545 exemplaria,

184 1589 287 1652 neque
303 1570 412 1632 vetusti
429 1568 592 1650 scriptores
609 1574 777 1648 agnoscunt
785 1588 794 1644 3
810 1567 880 1649 quin
897 1575 928 1632 et
944 1588 960 1630 a
976 1568 1138 1646 codicibus,
1155 1568 1205 1649 qui
1221 1586 1316 1648 supe·

183 1683 263 1756 rant,
286 1675 395 1737 abessa
420 1673 546 1754 capitum
569 1671 714 1751 lemmata,
738 1672 908 1735 Cotelerius
931 1673 1038 1753 aliique
1061 1674 1260 1737 observarunt
1277 1668 1315 1756 ¹).

275 1778 321 1843 lll.
360 1778 465 1841 Tolum
485 1777 613 1839 Hermae
636 1795 711 1856 opus
734 1779 865 1842 Pastoris
886 1779 1006 1841 nomine
1029 1779 1208 1857 inscribitur,
1234 1776 1315 1859 quod

183 1884 314 1968 angelus
337 1883 549 1966 poenitenliae,
573 1881 672 1944 babitu
694 1883 836 1964 pastorali
853 1883 982 1962 indutus,
1006 1883 1141 1945 llermam
1161 1883 1316 1963 alloquens
1400 1884 1410 1901 '

183 1996 216 2052 el
238 1987 404 2051 informans
428 1987 503 2049 libro
526 1985 559 2048 ll.
584 1993 613 2049 et
636 1987 680 2048 lll.
704 1987 862 2050 inducitur.
907 1987 1002 2050 Aliam
1025 1989 1201 2050 sententiam
1221 1986 1315 2049 Jacb—
1429 2069 1433 2078 Ι

183 2111 312 2156 mannus
336 2090 373 2174 (l.
398 2109 422 2153 c.
446 2110 474 2172 p.
499 2087 561 2174 28)
593 2094 669 2154 lueri
701 2091 836 2170 videtur,
867 2109 1011 2171 monens,
1045 2092 1315 2154 denominationem

184 2198 265 2261 illem
289 2196 418 2260 tortasse
441 2196 477 2259 ab
501 2195 601 2259 indole
626 2198 726 2278 operis
759 2197 856 2260 elbica
889 2197 1080 2261 derivandam
1112 2215 1199 2275 esse,
1229 2196 1315 2258 simili

185 2303 287 2381 modo,
314 2319 372 2383 quo
396 2307 427 2363 et
449 2307 510 2364 tres
533 2300 614 2363 Pauli
638 2302 782 2383 epistolae
802 2302 968 2384 pastorales
989 2308 1175 2384 nuncupatae
1196 2301 1315 2365 luerint.

274 2407 321 2469 lll.
361 2406 487 2469 Hermae
507 2405 659 2469 Pastorem
682 2426 796 2487 praece
818 2407 912 2488 primo
936 2406 1029 2470 luisse
1052 2408 1202 2489 scripturn,
1225 2426 1314 2472 nemo
1413 2402 1417 2408 “

183 2513 282 2576 nescit
290 2531 299 2587 3
323 2509 483 2573 dolendum
507 2516 614 2590 tamen,
638 2511 717 2591 qood
742 2519 842 2575 tantus
861 2514 923 2594 jam
946 2511 1054 2575 dudum
1077 2519 1241 2596 temporum
1263 2513 1315 2575 in-

183 2617 262 2700 jurie
279 2617 323 2677 sic
335 2614 527 2694 interciderit,
544 2622 576 2677 ut
589 2615 729 2679 nonnulla
742 2623 853 2678 tanturn
866 2617 932 2680 loca
944 2618 1105 2700 supersint,
1118 2619 1313 2681 vetustiorum

183 2729 301 2805 patrum
325 2738 503 2804 graecorum
527 2721 668 2801 operibus
693 2722 813 2784 intenta.
860 2721 973 2795 Quibus
996 2722 1115 2803 quidem
1136 2722 1258 2801 laciniis,
1282 2723 1312 2785 in

183 2826 288 2910 primis
305 2842 378 2887 vero
395 2823 567 2906 fragmentis
583 2826 628 2904 iis,
646 2828 811 2906 quassatis
828 2828 914 2890 mulla
931 2832 1091 2889 occurrunt
1110 2828 1139 2888 in
1154 2827 1314 2891 Doctrina

184 2932 229 2995 ad
243 2931 430 2994 Antidotum
446 2931 564 3008 ducem,
589 2931 666 2993 inter
682 2928 836 2994 Athanasii
853 2932 1038 3014 supposititia
1055 2950 1072 2996 a
1087 2930 1312 2996 blontlauconio

184 3036 334 3118 avulgata,
354 3036 469 3117 jactura
493 3034 661 3117 hujusmodi
682 3042 842 3116 utcumque
865 3037 969 3098 sarciri
992 3044 1101 3118 potest.

273 3143 308 3204 ll.
339 3141 456 3225 lntegra
477 3141 606 3205 Pastoris
630 3148 728 3203 exstat
749 3142 952 3224 interpretatio
976 3141 1075 3227 latina,
1099 3141 1185 3222 cujus
1207 3147 1313 3204 auctor

184 3248 304 3329 penitus
320 3248 520 3329 incompertus
536 3253 590 3308 est
628 3246 710 3310 llaec
726 3248 827 3311 versio
844 3246 1045 3327 antiquissima
1065 3245 1151 3309 iacile
1171 3244 1311 3327 putanda,

183 3359 289 3434 utpote
312 3371 388 3435 quae
411 3352 582 3415 Tertulliani
606 3359 703 3415 aetate
726 3352 820 3415 luisse
845 3350 962 3413 videtur
985 3349 1131 3412 ecclesiae
1151 3347 1311 3412 Africanae

183 3458 346 3522 notissima.

272 3562 319 3624 vt.
352 3563 396 3624 Do
412 3563 587 3625 auctoritate
603 3561 734 3625 Pastoris
750 3560 779 3622 in
798 3557 935 3637 ccclesia,
960 3557 997 3619 de
1017 3557 1167 3641 theologia
1182 3556 1310 3619 Hermae

184 3672 213 3729 et
237 3665 275 3729 de
299 3665 357 3728 linc
379 3666 521 3730 librorum
545 3667 610 3748 ejus
634 3666 725 3727 adeas
749 3663 962 3726 Jacbmannum
987 3660 1024 3745 (l.
1048 3681 1073 3724 c.
1098 3682 1124 3744 p.
1149 3658 1191 3725 68
1214 3658 1310 3745 sqq),

183 3768 422 3854 sumperunt),
445 3772 618 3853 Heynsium,
640 3770 761 3833 Junium
785 3776 815 3832 et
838 3787 895 3831 van
919 3766 999 3830 Gilse
1017 3764 1059 3851 ³),
1086 3766 1250 3830 llldblerum
1266 3763 1309 3849 ⁴),

183 3876 325 3941 boetrum
342 3872 390 3958 ⁵),
413 3876 628 3939 Weinricbium
644 3870 694 3959 ⁶),
717 3872 937 3957 Hilgenfeldum
956 3867 1005 3956 ²),
1037 3872 1205 3935 Dornerum
1222 3865 1255 3956 ⁸)
1279 3880 1308 3935 ct

183 3982 274 4059 alios,
301 3979 414 4043 collatis
438 3982 491 4060 iis,
523 3998 600 4061 quae
622 3981 651 4043 in
675 3980 829 4061 'Pbbinger
849 3977 940 4041 tbeol.
962 3975 1190 4051 Quartalscbril't
1216 3972 1319 4044 1839..

182 4106 210 4168 p.
228 4081 400 4149 itt-184
423 4091 452 4149 et
475 4083 552 4147 inira
575 4085 605 4148 iu
627 4085 705 4147 notis
729 4084 765 4147 ad
781 4084 893 4149 Similit.
910 4083 959 4165 lX,
983 4080 1045 4147 o.5
1066 4090 1095 4145 et
1117 4081 1137 4147 6
1161 4080 1308 4146 monenda

183 4190 359 4271 putavimus,

218 4345 248 4414 1)
267 4342 319 4397 Cir.
331 4347 451 4399 Gsuund.
460 4342 525 4396 bibl.
537 4342 564 4395 Τ.
572 4342 590 4396 l.
601 4361 626 4411 p.
635 4341 731 4397 xxvtl.
794 4344 823 4409 5)
843 4346 942 4404 delre,
955 4340 1101 4410 Einlaitnng
1112 4341 1137 4392 in
1151 4341 1193 4393 dis
1207 4338 1307 4394 Offenb.

215 4466 245 4531 2)
264 4470 395 4537 Lampon,
416 4465 474 4520 bist.
494 4466 571 4519 tbeol.
592 4466 648 4518 crit.
666 4463 694 4517 Τ.
711 4463 730 4516 Ι.
757 4429 879 4534 smmi}
897 4446 921 4497 Ρ
942 4429 988 4532 ,ΗΡ
1009 4446 1064 4528 Ἥ·
1118 4517 1124 4529 .
1241 4518 1247 4530 ι

182 4569 207 4621 p,
228 4553 372 4607 116445,
794 4517 823 4585 6)
847 4521 995 4581 Worrmell,
1023 4516 1087 4585 drrq.
1116 4532 1141 4567 nn
1166 4516 1307 4568 doctrinam

436 4645 440 4652 .
758 4604 879 4656 moralem
897 4603 930 4655 ab
948 4603 1041 4654 llerma
1065 4605 1090 4654 in
1112 4601 1216 4656 Pastore
1242 4618 1306 4670 pro·

215 4665 246 4735 3)
259 4663 639 4719 CommentationesdePatrnm
649 4673 730 4734 apost.
757 4694 872 4760 P⁰⁸5¹⁸¹¹b
908 4689 1019 4741 wimb·
1042 4689 1114 4741 1304·

183 4750 296 4805 doctrina
314 4754 404 4806 morali
422 4770 447 4822 p.
464 4754 498 4805 88
517 4769 571 4823 sqq.
591 4770 617 4823 p.
630 4752 664 4805 aa
676 4768 731 4821 sqq.
794 4781 822 4846 7)
842 4779 1005 4848 flamm),
1032 4776 1073 4828 dp,
1094 4774 1200 4843 ,pomp
1220 4774 1305 4828 vm„

183 4853 206 4907 P·
224 4837 258 4890 ⁸5
278 4856 333 4910 “lb
757 4866 838 4919 lenae
857 4863 932 4915 1853.
950 4881 976 4933 p.
998 4863 1047 4914 165
1066 4879 1120 4931 sqq.

213 4951 244 5022 4)
262 4956 374 5021 nster,
388 4953 517 5023 Patroloq.
529 4952 590 5008 nt
606 4968 633 5022 p.
646 4952 730 5006 100-
792 4952 822 5021 8)
841 4957 962 5017 boner,
981 4951 1063 5004 labra
1080 4964 1132 5002 nou
1151 4947 1197 5000 der
1208 4945 1305 4999 Person

184 5037 240 5093 roa.
269 5044 397 5099 mmm.
416 5041 444 5095 r.
463 5039 483 5094 1.
501 5056 526 5109 p.
548 5040 588 5092 m.
758 5038 858 5093 curun
887 5037 956 5110 sun
974 5039 1005 5094 u.
1029 5038 1056 5092 r.
1075 5037 1094 5092 1.
1112 5052 1139 5106 p.
1158 5033 1304 5089 ras-ata.
