3067 6450
447 1181 946 1242 umsusnnsaoconaan
1196 1188 1259 1257 447

136 1343 394 1426 derelinquemus,
424 1343 515 1408 vetuli
546 1363 775 1428 praecursorem
811 1345 982 1409 ¹scelerum
1010 1353 1199 1426 nostrorum;
1230 1356 1261 1412 et

133 1449 281 1532 fugiamus
316 1450 510 1532 impietatem,
543 1467 582 1513 ne
615 1468 671 1514 nos
706 1451 780 1513 mala
815 1450 1077 1532 comprehendant.
1128 1452 1201 1514 llmn
1234 1454 1260 1516 si

132 1555 211 1619 bene
226 1573 320 1638 egere
335 1555 545 1635 studuerimus,
569 1555 791 1619 consectabitur
807 1574 862 1619 nos
879 1575 947 1637 pax.
985 1555 1067 1619 Hanc
1083 1557 1121 1620 ob
1139 1575 1260 1621 causam

133 1679 198 1723 eam
221 1654 361 1745 [pacem]
383 1679 443 1723 non
467 1661 620 1742 reperient
643 1657 825 1739 ²lromines,
859 1662 909 1743 qni
939 1660 1073 1724 humanis
1106 1664 1260 1727 timoribus

132 1765 300 1845 ducuntur,
337 1773 559 1848 praeponentes
596 1765 777 1848 voluptatem
811 1772 1000 1847 praesentem
1035 1768 1260 1849 repromissioni

132 1869 261 1933 futurae.
305 1868 447 1953 Ignorant
470 1871 548 1933 enim
571 1877 709 1950 quantum
734 1869 840 1933 haheat
862 1876 1039 1934 tormentum
1062 1871 1148 1954 hujus
1168 1871 1261 1935 seculi

133 1976 284 2057 voluptas,
308 1980 338 2037 et
361 1975 465 2056 quales
482 1975 589 2038 haheat
605 1974 726 2038 delicias
743 1973 841 2037 lutura
858 1975 1024 2055 promissio.
1069 1975 1260 2055 tequidem,

133 2080 160 2142 si
183 2079 240 2163 ipsi
264 2078 323 2143 soti
346 2081 400 2142 ista
424 2079 567 2159 tacerent,
590 2080 743 2144 tolerabile
763 2087 845 2142 esset
853 2100 863 2156 ;
884 2082 944 2163 jem
962 2098 1035 2143 uero
1052 2086 1260 2162 perseverant,
1347 2106 1353 2116 ·

133 2188 271 2251 insontes
302 2185 413 2246 animas
444 2185 545 2267 pravis
575 2184 717 2249 doctrinis
749 2185 900 2263 imbuere,
936 2185 1120 2262 nescientes,
1152 2182 1262 2266 ³quod

135 2288 283 2372 duplicem
305 2288 457 2353 habebunt
478 2289 757 2354 condemnationem
781 2294 810 2352 et
832 2289 899 2370 ipsi,
923 2297 953 2352 et
975 2290 1026 2371 qui
1053 2288 1173 2352 audiunt
1196 2306 1261 2353 eos.

135 2479 184 2544 xl.
229 2479 357 2547 Divinis
376 2482 545 2562 promissis
568 2482 659 2563 fldem
678 2480 826 2543 lubentes
848 2481 1021 2545 serviamus
1043 2481 1126 2559 Deo,
1151 2488 1182 2543 et
1203 2481 1264 2544 erit

482 2586 572 2650 nobis
594 2585 751 2650 beatitudo
774 2594 911 2650 aeterno.

224 2705 288 2769 Nos
311 2723 386 2789 ergo
409 2707 439 2770 in
463 2706 555 2772 corda
577 2726 654 2789 puro
677 2708 742 2771 Deo
765 2708 948 2786 serviamus,
981 2715 1011 2772 at
1041 2710 1151 2773 erimus
1171 2709 1245 2792 justi
1252 2731 1261 2788 ;

137 2808 247 2890 quodsi
277 2817 373 2874 eutem
404 2831 465 2876 non
494 2814 704 2892 servierimus,
736 2831 797 2876 non
828 2812 980 2877 credendo
1012 2816 1166 2896 promissis
1195 2815 1262 2893 Dei,
1306 2866 1315 2879 .

137 2916 239 2978 miseri
276 2917 395 2981 erimus.
451 2918 530 2982 Dicit
562 2919 640 2983 enirn
675 2925 706 2980 et
739 2935 840 2981 sermo
878 2917 1089 2999 propheticus:
1128 2915 1263 2981 tmiseri

137 3027 230 3096 sont,
263 3021 316 3100 qui
345 3022 460 3085 animo·
483 3022 627 3102 duplices
658 3030 688 3085 et
710 3023 807 3085 corde
829 3021 915 3084 dubii
937 3029 1027 3098 sont,
1059 3024 1113 3102 qni
1138 3022 1265 3084 dicunt:

137 3125 217 3187 doec
241 3125 345 3188 omnio
366 3128 545 3190 audicimus
566 3129 660 3191 etium
682 3135 817 3206 tempore
837 3134 960 3207 patrem
984 3135 1182 3198 nostrorum
1205 3145 1265 3188 nos

138 3248 214 3293 cero
240 3226 348 3293 ⁵diem
371 3231 409 3294 de
433 3232 484 3295 die
507 3241 740 3312 exspectantes,
773 3233 855 3294 nilril
881 3232 991 3294 dorum
1017 3230 1160 3292 vidimus.
1205 3226 1263 3292 ⁶0

136 3337 241 3418 solui,
266 3345 444 3416 comparata
467 3357 524 3402 eos
547 3337 676 3411 orbori;
707 3338 799 3400 uitem
820 3337 938 3399 sumite.
984 3333 1116 3396 Primum
1140 3333 1264 3414 quidem

136 3441 229 3522 soliis
246 3441 392 3519 nudatur,
415 3460 539 3523 permen
552 3450 664 3523 posteo
677 3442 723 3520 fit,
745 3441 897 3519 postleuec
912 3457 974 3501 noo
989 3436 1115 3513 acerbo,
1140 3438 1264 3498 tandem

139 3547 259 3609 demum
281 3565 342 3610 eeu
363 3555 494 3610 rnotero.
538 3546 589 3609 Itu
612 3554 642 3608 et
660 3546 797 3626 populus
817 3563 901 3607 meas
914 3542 1104 3624 agitationes
1123 3548 1153 3601 et
1169 3559 1263 3618 pres-

138 3670 232 3714 surus
255 3651 341 3728 tutte
365 3651 477 3714 deinde
500 3650 583 3715 bono
606 3650 751 3729 excipiet.
797 3648 913 3730 ltaque,
942 3646 1050 3708 tratres
1073 3645 1141 3721 mei,
1165 3646 1262 3707 animo

140 3774 177 3817 ne
201 3753 336 3837 duplices
359 3756 468 3834 simus,
491 3755 543 3818 sed
568 3759 723 3837 sperantes
747 3753 964 3829 sustineamus,
987 3755 1020 3812 nt
1041 3755 1072 3812 et
1094 3746 1263 3810 mercedem

139 3866 335 3942 reportemus.
380 3858 490 3923 Fidelis
513 3860 592 3923 enim
615 3866 675 3938 est,
706 3860 757 3940 qui
780 3857 927 3940 pollicitus
951 3861 1015 3933 est,
1046 3872 1081 3917 se
1104 3853 1263 3935 unicuique

140 3964 323 4028 redditurum
347 3964 510 4029 secundum
534 3983 627 4049 opera
650 3965 725 4047 ejus.
772 3964 802 4026 Si
832 3979 907 4045 ergo
936 3959 1094 4022 fecerimus
1120 3958 1263 4041 justitiam

140 4087 239 4132 coram
263 4069 346 4146 Deo,
378 4071 407 4133 in
429 4087 556 4154 regnum
581 4070 658 4133 illius
681 4068 901 4152 ingrediemur,
932 4072 962 4127 et
985 4065 1164 4147 accipiemus
1185 4079 1263 4144 pro·

140 4175 317 4254 missiones,
341 4168 449 4257 ⁷qoos
471 4177 560 4240 euris
582 4193 647 4238 non
671 4174 808 4248 audivit,
832 4190 890 4234 nec
911 4170 1020 4233 oculus
1042 4168 1140 4245 cidit,
1163 4184 1262 4247 quoe-

140 4298 196 4359 qee
219 4278 254 4342 is
277 4297 333 4343 cor
352 4279 485 4344 dominis
510 4300 574 4345 non
596 4278 814 4343 ascenderent.

140 4585 294 4661 ὅνθρόῑωυς]
313 4610 335 4640 s.
348 4592 401 4641 st.
431 4590 506 4644 llolte
524 4588 608 4643 deleta
622 4603 689 4641 voce
749 4587 779 4655 5)
797 4586 944 4637 Wottonum
968 4583 1034 4635 male
1059 4582 1100 4635 lrie
1125 4584 1262 4635 inseruisse

139 4672 271 4743 ἄνθρωπον
288 4676 425 4747 legendum
443 4685 513 4745 putat
530 4672 611 4739 αὐτὴν.
714 4689 806 4725 rocem
824 4671 868 4721 vlol
888 4678 975 4723 monet
993 4669 1159 4721 Jacobsoous.

173 4763 202 4826 3)
222 4762 318 4816 Similia
343 4765 456 4832 reperies
480 4764 505 4815 in
531 4760 687 4830 epistolas.
748 4760 778 4824 6)
796 4758 856 4811 Post
880 4754 1017 4824 impinguer
1038 4755 1173 4807 Wottouns
1195 4751 1261 4804 rnale

140 4848 504 4919 lpsatiiadEplres.c.16.
715 4847 856 4897 interserit:
875 4845 916 4893 ln.
944 4848 1088 4894 Jacossor.

173 4935 202 5000 4)
222 4933 320 4987 Eadem
333 4934 412 4987 rerba
425 4934 512 4987 laudat
524 4933 553 4989 Β.
567 4939 687 4991 cumeae
748 4933 778 4991 7)
795 4929 876 4984 lCor.
891 4933 917 4995 2,
930 4932 955 4981 9.
992 4927 1056 4980 llum
1074 4924 1209 4994 Apostolos
1228 4924 1261 4977 ad

140 5020 220 5076 lCor.
233 5021 277 5076 23.
296 5021 341 5076 elr.
360 5036 434 5092 sopra
454 5038 479 5090 p.
497 5020 539 5074 87.
558 5019 616 5074 Not.
637 5019 662 5073 7.
714 5018 772 5072 laci.
790 5020 834 5084 or,
853 5018 879 5072 4.
900 5017 1054 5085 respexerit,
1073 5015 1196 5065 incertum
1214 5018 1261 5064 est.

982 5101 1054 5170 10·
