3067 6450
346 1193 484 1248 manau
504 1194 639 1249 rnsron.
674 1195 770 1252 crana
790 1198 818 1251 n.
855 1200 1001 1258 nannnr.
1021 1205 1050 1260 ν.
1196 1209 1260 1275 355
1293 1236 1298 1247 ,

134 1371 227 1437 φορα
256 1352 327 1427 τοῖς
357 1352 483 1427 δούλοις
512 1353 572 1416 τοῦ
595 1354 686 1418 Θεοῦ.
714 1363 812 1424 serris
840 1363 904 1425 Dei.
950 1363 1172 1447 Aequanimitas
1202 1387 1261 1430 au·

133 1452 178 1520 ‘H
198 1454 235 1521 de*
256 1454 464 1545 μακροθυμία
484 1455 601 1544 μεγάλη
619 1456 688 1524 ἐστὶ
715 1471 773 1528 tern
807 1467 903 1529 valida
939 1475 985 1531 est
1023 1477 1053 1532 et
1090 1471 1193 1551 sortia,
1230 1481 1262 1535 et

134 1558 190 1624 καὶ
212 1557 322 1649 exeas,
345 1562 463 1643 ἔχουσα
485 1561 540 1650 τήν
562 1562 689 1644 δύναμιν
714 1570 802 1632 habet
845 1573 984 1634 virtutem
1030 1594 1182 1658 magnam,
1231 1582 1262 1639 et

135 1661 331 1754 ι’σχυροὶνκαὶ
342 1665 519 1754 καθημένην
534 1664 565 1732 ἕν
586 1666 686 1731 Ιπνία-
713 1672 800 1736 sedet
832 1676 860 1738 in
898 1674 1110 1758 'amplitudine
1143 1698 1260 1763 magna,

133 1777 251 1856 τυσμῷ
277 1771 420 1857 μεγάλῳ·
450 1770 561 1860 ἱλαροί,
592 1762 686 1856 α’γαλ-
714 1778 831 1857 hilaris,
869 1781 898 1842 in
933 1800 1008 1861 pace
1039 1781 1192 1864 gaudens,
1231 1791 1262 1846 et

134 1872 288 1961 λυομένη,
322 1875 373 1942 καὶ
403 1869 578 1964 α’μέριμνος
606 1864 687 1941 οὖσα
714 1882 914 1947 honorificans
936 1886 1092 1948 Dominum
1121 1887 1150 1948 in
1182 1888 1262 1951 omni

135 1971 267 2059 δοξάζει
298 1973 354 2044 τόν
386 1977 492 2068 κίριον
523 1977 555 2045 ἐν
589 1978 687 2045 παντί
715 1993 849 2069 ternpore
871 1998 1034 2052 mansuete.
1079 1991 1159 2053 Haec
1182 1993 1260 2054 eninr

134 2091 254 2171 καιρῷ,
276 2081 373 2170 μηδὲν
396 2081 513 2166 ἔχουσα
535 2082 567 2150 ἐν
589 2081 688 2169 ἑαυτῇ
714 2092 928 2172 aequanimitas
952 2095 1063 2156 habitat
1081 2113 1146 2156 cunr
1162 2097 1260 2158 bene-

135 2186 259 2276 πικρόν,
283 2186 510 2275 παραμένουσα
534 2186 590 2255 δια
606 2210 686 2252 παν-
715 2194 891 2273 fidentibus3
915 2217 982 2260 nanr
1005 2199 1156 2261 iracundia
1172 2200 1260 2262 stulta

134 2287 194 2368 τὸς
217 2291 282 2379 [ἐν]
305 2288 464 2381 πραότητι
485 2293 539 2359 καί
560 2287 687 2380 ἠσυχίᾳ.
713 2305 760 2361 ast
784 2308 812 2363 et
836 2301 911 2363 levis
935 2310 965 2364 et
988 2301 1075 2365 fatua.
1116 2303 1160 2365 ite
1182 2304 1260 2366 stut-

135 2391 230 2484 Αὕτη
260 2386 316 2462 οὖν
344 2389 590 2487 ἡμακροθυμία
611 2420 686 2462 κατ·
716 2406 776 2467 titia
814 2424 887 2468 vcra
922 2407 1052 2470 nascitur
1086 2406 1260 2487 amaritudo,
1332 2404 1334 2409 ’

136 2507 221 2567 ornei
242 2500 324 2584 μετα
344 2505 407 2567 τῶν
426 2504 538 2570 πίστιν
553 2501 688 2586 ἑχόντων
715 2517 744 2571 et
790 2530 829 2573 ex
867 2513 1060 2575 amaritudine
1097 2512 1260 2590 iracundia,

136 2597 324 2696 ὁλόκίνρρος·
347 2599 420 2694 ἡδὲ
434 2601 584 2691 ὀξυχολία
598 2613 685 2694 πρῶ·
715 2634 754 2676 ex
777 2617 928 2680 iracundia
953 2634 1026 2680 vero
1050 2614 1143 2680 turer.

135 2735 196 2776 τον
224 2710 282 2794 μὲν
308 2712 416 2801 μωρία
436 2712 521 2779 ἐστίν
542 2712 595 2779 καὶ
617 2710 686 2777 ἐλα-

136 2815 222 2906 φρία
236 2821 366 2907 φρενῶν,
382 2809 452 2883 εἶτα
466 2817 499 2885 ἐκ
513 2825 568 2907 τῆς
582 2815 685 2904 ἀφρο-

136 2917 232 3010 σύνης
260 2920 378 3008 γίνεται
408 2921 537 3012 πικρία,
572 2919 620 3008 [ἐκ
651 2919 686 2984 dd

136 3036 197 3114 τῆς
218 3025 362 3118 πικρίας]
385 3023 501 3112 θυμός,
523 3026 556 3094 ἐκ
579 3024 614 3091 δὲ
632 3032 688 3088 τοῦ

138 3136 250 3215 θυμοῦ
272 3126 367 3221 ὀργή,
398 3127 433 3198 ἔκ
455 3132 491 3198 δὲ
513 3133 570 3219 τῆς
593 3128 687 3218 ὀργῆς

138 3240 238 3326 μῆνις.
285 3229 363 3305 Εἶτα
384 3230 402 3301 r‘
425 3245 515 3326 μῆνις
530 3235 562 3302 ἐκ
576 3227 688 3300 canori·
758 3239 812 3301 Hic
857 3257 897 3300 ex
942 3246 985 3301 tot
1023 3242 1105 3305 malis
1143 3251 1261 3306 creatus

139 3366 205 3408 των
218 3344 318 3409 κακῶν
332 3341 544 3428 συνισταμένη,
571 3339 689 3425 γίνεται
716 3343 800 3407 turer
833 3350 975 3426 operatur
1008 3352 1163 3426 peceatum
1194 3365 1262 3408 rna-

139 3445 283 3536 ἀμαρτία
318 3447 434 3535 μεγάλη
470 3444 522 3512 καί
552 3441 688 3518 cataroe
715 3465 806 3529 gnum
851 3455 882 3510 et
926 3449 1101 3512 insanabile.
1163 3450 1261 3524 Ouum

134 3546 233 3618 Ὅταν
247 3550 306 3641 γάρ
322 3546 429 3619 πάντα
442 3546 484 3618 τοὶ
499 3543 689 3637 ἀνθρώπινα
716 3554 794 3615 enirn
818 3552 893 3615 haec
917 3553 1015 3617 omnia
1031 3554 1061 3615 in
1077 3549 1174 3626 uno?
1187 3570 1260 3615 vase

139 3657 244 3722 ταῦτα
266 3653 298 3723 ἐν
319 3653 365 3722 ἑνί
388 3652 525 3743 Ὶάγμείῳ
540 3657 689 3729 κατοικεῖ,
716 3664 801 3736 sunt,
835 3658 885 3720 ubi
919 3662 949 3718 et
981 3657 1106 3737 Spiritus
1141 3662 1261 3718 sanctus

140 3757 229 3825 ὅπου
250 3760 303 3827 καὶ
324 3756 363 3827 τὸ
386 3768 511 3842 πνεῦμα
532 3752 570 3823 τὸ
589 3752 689 3843 ἅγιον,
717 3768 866 3839 moratur,
904 3778 963 3822 non
999 3762 1076 3841 capit
1108 3759 1165 3821 hoc
1198 3778 1262 3839 vas,

141 3856 181 3930 ad
202 3868 302 3954 χωρεῖ
322 3864 419 3932 ἐκεῖνο
441 3859 479 3930 το
496 3863 600 3949 ἄγγος,
623 3858 690 3926 ἀλλ’
715 3863 769 3926 sed
793 3864 994 3945 supereffluit;
1018 3865 1156 3944 quoniam
1178 3868 1263 3925 tener

139 3959 389 4055 ὁπερπίκονάζει
442 3967 480 4034 τό
530 3962 690 4055 τρυφερὸν
716 3969 837 4049 spiritus
869 3955 930 4032 non
961 3974 1060 4048 potest
1089 3986 1157 4030 curn
1186 3966 1263 4030 maio

140 4073 276 4154 πνεῦμα,
291 4069 335 4162 μῆ
346 4072 418 4157 ἔχον
428 4066 597 4159 συνήθειαν
607 4067 691 4152 μετα
716 4074 820 4154 spiritu
839 4073 998 4151 immorari,
1022 4071 1136 4135 recedit
1159 4078 1189 4135 et
1205 4071 1264 4134 ha·

139 4184 286 4265 πονρροῦ
299 4170 476 4261 πνεύματος
493 4173 544 4240 καί
558 4172 689 4261 σκληρό-
716 4177 788 4240 bitat
810 4195 876 4239 curn
901 4172 1093 4239 8οιοοειιοιο.

140 4304 237 4368 τητος
257 4282 427 4349 κατοικεῖν·
449 4274 615 4367 ὑποχωρεῖ
637 4272 690 4344 οὖν

139 4382 210 4452 davd
223 4395 284 4453 τοῦ
297 4380 474 4476 ἀνθρώπου
489 4377 615 4462 τούτου,
636 4382 690 4447 καὶ

139 4487 231 4577 ζνμεῖ
248 4497 403 4557 κατοικεῖν
416 4484 499 4573 μετοί
521 4480 688 4577 3πραότη-

139 4616 197 4671 τος
228 4594 283 4660 καί
315 4586 455 4683 ἡσυχίας.
505 4586 584 4661 Εἶτα
615 4592 691 4659 ὅταν
760 4591 892 4671 Deinde,
923 4611 1013 4673 quum
1040 4590 1201 4655 recesserit
1223 4589 1261 4651 ab

175 4767 206 4836 1)
224 4770 383 4836 Amplitudo,
402 4766 540 4833 πλατυσμὸς
558 4769 623 4837 apud
637 4767 687 4820 Pa·
713 4762 760 4815 Χία
790 4767 887 4817 Vaccis
910 4766 981 4816 enim
1004 4764 1081 4815 vasis
1101 4761 1169 4830 qued
1185 4776 1261 4813 τοικ-
1331 4763 1335 4770 “

142 4861 193 4908 tras
202 4858 285 4910 nau
296 4855 618 4925 saiadaffectaedauotat.
636 4853 686 4906 Cir.
714 4853 843 4915 mittitur,
862 4867 915 4902 ιιοο
932 4852 1017 4918 effluit
1034 4855 1084 4900 etc.

143 4938 242 4995 leden.
253 4942 285 4992 ad
297 4939 538 5008 cancerauma
549 4941 590 4993 56.
601 4947 652 4991 nat.
663 4941 688 4990 d.
750 4938 780 5003 3)
804 4935 824 4986 l.
852 4953 874 4989 e.
905 4939 934 4989 ίιι
964 4938 1080 4989 animm
1109 4935 1265 4989 iracundiae

154 5080 155 5084 ,
174 5026 204 5093 2)
222 5025 242 5077 l·
256 5042 280 5080 ο.
293 5029 382 5083 «niara
394 5030 518 5082 mininie.
543 5024 687 5079 Cirdtand.
715 5033 849 5093 deportem
867 5039 898 5077 κο
915 5024 1017 5091 recipit.

981 5107 1056 5175 230
