3067 6450
160 1173 188 1229 s.
209 1170 358 1243 ronam]
600 1173 854 1229 anouaeouann
1260 1179 1291 1234 ιι

247 1331 287 1419 h)
315 1334 379 1398 Neo
407 1335 536 1399 absurde
560 1335 690 1418 lgnntius
717 1336 896 1401 allomauis
926 1344 1064 1420 precatus
1098 1345 1160 1418 est,
1192 1346 1223 1402 ut
1253 1340 1290 1403 ah

160 1442 240 1506 omni
263 1449 381 1520 conatu,
406 1443 499 1524 ipsum
523 1442 677 1521 liberandi,
701 1443 893 1505 abstinerent.
933 1441 998 1505 llos
1020 1443 1098 1506 enirn
1119 1451 1184 1507 erat
1199 1447 1291 1509 Chri·

158 1548 339 1624 stiauorum,
370 1552 498 1625 tantum,
529 1555 669 1629 quantum
697 1553 851 1628 poterant,
881 1548 949 1625 niti,
980 1554 1011 1610 ut
1034 1548 1142 1613 iratres
1166 1558 1292 1632 propter

158 1652 247 1714 tidem
271 1657 374 1733 captos
398 1660 427 1715 et
450 1651 602 1716 damnatos
625 1653 806 1731 liberarent,
839 1650 918 1733 quod
952 1651 1091 1716 discimus
1125 1673 1164 1718 err
1187 1655 1289 1719 Coost

157 1757 264 1837 Apost
287 1755 334 1817 tv.
358 1757 388 1834 S.
412 1751 440 1818 9.
464 1756 496 1818 V.
521 1758 572 1836 §§.
600 1756 627 1820 l.
651 1758 698 1836 2.,
730 1777 769 1820 ex
791 1757 912 1820 luciani
935 1756 1100 1841 Peregrina
1124 1761 1153 1838 §.
1182 1756 1237 1839 12,
1261 1767 1290 1824 et

158 1880 199 1924 ex
223 1860 344 1923 Eusehii
367 1861 439 1923 Hist.
464 1863 537 1924 cccl.
563 1861 613 1940 l'l,
638 1857 690 1926 40.
709 1860 748 1944 ¹).
794 1862 903 1925 Notum
928 1874 1018 1942 porro
1043 1870 1103 1941 est,
1128 1864 1188 1945 jam
1212 1870 1291 1926 tam-

158 1984 236 2047 pore
257 1965 340 2028 Pauli
363 1965 500 2046 Apostoli
523 1959 554 2028 ἐν
576 1959 740 2052 Καίσαρος
764 1959 847 2051 οἰκίᾳ
878 1966 971 2030 luisse
1002 1965 1123 2044 fideles;
1157 1975 1291 2050 ternpore

159 2079 259 2133 autem
282 2070 440 2134 Domitiani
465 2070 642 2134 Domitillam
666 2078 696 2135 et
719 2072 919 2150 Clementem,
950 2090 989 2134 ex
1013 2070 1121 2134 familia
1146 2070 1292 2153 Caesaris,

159 2175 390 2238 christianorum
412 2192 499 2238 sacra
522 2183 644 2239 secutos
667 2196 745 2256 esso,
770 2178 861 2240 innuit
882 2177 1052 2241 Suetonius.
1091 2176 1292 2240 Romanorum

161 2281 293 2361 denique
315 2280 540 2363 magistratuum
563 2300 678 2344 sacram
702 2283 765 2345 auri
791 2281 896 2344 tarnem
927 2300 1015 2345 nemo
1044 2283 1147 2344 nescit
1193 2281 1292 2344 Facile

160 2385 261 2464 itaque
284 2391 334 2446 aut
356 2388 498 2467 pecunia,
530 2393 582 2449 aut
604 2387 692 2464 dolo,
724 2393 774 2449 aut
795 2387 852 2449 alia
875 2385 1000 2468 quadam
1028 2387 1161 2464 ratione,
1190 2385 1293 2449 lideler

158 2489 270 2572 aliquid
295 2491 322 2552 in
347 2489 481 2554 favorem
499 2490 602 2573 ignatii
619 2492 714 2554 moliri
731 2497 878 2573 poterant.
925 2490 992 2553 Alia
1013 2490 1102 2552 modo
1119 2489 1290 2554 Uhlhoruus

159 2593 200 2677 (l.
217 2613 241 2657 c
258 2612 287 2676 p.
303 2591 386 2678 266)
409 2597 609 2679 objectionem
626 2595 722 2659 Baurii
746 2604 776 2659 et
799 2595 923 2659 aliorum
942 2614 981 2658 cx
997 2595 1121 2676 epistola
1139 2595 1167 2656 S.
1184 2594 1290 2678 ignatii

160 2699 198 2762 ad
232 2698 383 2763 Romanos
417 2702 579 2764 desumtam
613 2708 756 2765 removet.
802 2701 832 2765 Si
868 2701 945 2762 euim
979 2699 1131 2782 ignatius,
1170 2704 1200 2760 ut
1234 2698 1292 2780 ipsi

160 2804 289 2883 ridetur,
311 2823 370 2867 nou
395 2805 430 2867 ah
453 2807 634 2888 imperatore
652 2808 728 2888 ipso,
751 2807 805 2870 sed
821 2826 837 2870 a
854 2804 1037 2887 proconsule
1054 2805 1120 2885 ejus
1139 2800 1292 2866 damnatus

160 2916 192 2972 et
220 2908 342 2972 Romam
373 2910 481 2973 missus
513 2910 627 2988 luerat,
660 2910 763 2973 fideles
797 2911 827 2973 in
858 2910 938 2973 Urhe
971 2908 1118 2991 degentes
1149 2906 1293 2990 perfacile

160 3012 271 3094 aliquid
306 3013 342 3077 ad
374 3034 440 3078 eum
463 3015 648 3078 liberandum
675 3015 788 3093 moliri,
820 3015 996 3098 praesertim
1023 3014 1059 3077 ad
1084 3013 1292 3094 imperatorem

161 3118 313 3200 appellare
335 3125 481 3200 poterant,
504 3121 591 3183 immo
614 3121 680 3202 ipso
706 3118 843 3182 damnato
866 3119 996 3183 nolente.

249 3218 278 3306 i)
300 3224 444 3307 ignatium
475 3227 504 3289 in
531 3226 728 3288 Occidentem
757 3225 926 3308 proiectum
954 3241 1041 3302 esse,
1072 3244 1111 3287 ex
1137 3224 1236 3287 verbis
1260 3220 1291 3288 S.

162 3327 316 3410 Polycarpi
339 3336 426 3410 patet.
473 3331 576 3413 Capite
599 3331 676 3394 enim
699 3330 763 3392 Xlll
784 3330 837 3411 Ep.
860 3330 897 3392 ad
919 3330 1122 3411 Philippenses
1144 3329 1290 3410 legimus:

162 3434 228 3510 „Et
242 3434 282 3495 de
298 3435 368 3512 ipso
383 3434 518 3515 Ipnetio,
542 3438 632 3498 etde
654 3438 714 3514 laia,
738 3436 791 3515 qui
812 3454 881 3496 cerm
901 3454 937 3496 eo
959 3441 1043 3508 sant,
1068 3433 1151 3514 quod
1175 3434 1291 3494 center

162 3540 373 3621 aperueritis,
411 3541 618 3620 sipnifieatef‘
664 3538 779 3613 Quodsi
817 3546 913 3601 aulem
947 3538 1078 3619 ignatius
1115 3535 1291 3598 Antiochiae

162 3646 364 3724 remansisset,
387 3663 444 3708 nec
468 3645 496 3706 in
513 3643 713 3708 Occidentem
736 3644 877 3724 venisset,
900 3644 981 3706 nullo
1005 3640 1092 3704 modo
1109 3640 1291 3721 Polycarpus

164 3748 353 3830 smyrnensis
376 3750 469 3812 verba
493 3749 540 3811 illa
564 3747 599 3810 ad
617 3749 823 3830 Philippenses
847 3748 1028 3830 scripsisset,
1052 3745 1133 3826 quod
1148 3744 1236 3808 tacite
1252 3764 1293 3808 ex

164 3854 224 3918 situ
246 3853 379 3917 locorum
403 3853 632 3917 demonstratur.

252 3957 345 4021 Roma
372 3959 463 4020 Θ...
490 3960 520 4018 Θ
547 3959 750 4039 Philippi...
775 3958 805 4019 Θ
830 3958 1038 4039 Smyrna...
1065 3955 1095 4016 Θ
1124 3955 1292 4019 Antiochia.

163 4063 261 4126 Nemo
283 4080 357 4125 sane
379 4063 609 4142 Smyrnaeorum
632 4063 836 4143 Philippenses
860 4062 966 4139 notuit,
994 4066 1026 4123 ut
1048 4061 1159 4123 certior
1182 4061 1231 4123 lat
1254 4059 1293 4122 de

165 4170 213 4247 iis,
236 4186 314 4248 quaa
330 4168 505 4232 Antiochiae
527 4176 690 4250 geranium
714 4169 793 4231 hene
808 4175 907 4229 autem
924 4184 1000 4246 quae
1015 4164 1127 4227 Romae
1144 4166 1292 4243 eveniant,

166 4290 183 4335 a
206 4272 440 4355 Philippensibus
463 4272 585 4335 edoceri
609 4273 726 4354 poterit.

252 4373 292 4458 k)
321 4376 465 4456 lgnatium
499 4375 535 4439 ad
565 4375 682 4439 beatior
714 4374 882 4437 damnatum
912 4390 999 4449 esse,
1030 4372 1062 4434 S.
1093 4370 1244 4433 irenaeus
1260 4364 1293 4452 ²)

166 4488 300 4547 testatur.
343 4476 395 4553 Ὡς
417 4469 491 4542 elne'
514 4499 563 4553 τις
585 4478 649 4540 τῶν
671 4473 830 4563 ἡμετέρων
852 4469 907 4540 dni
929 4469 983 4560 τήν
1005 4467 1088 4559 πρὸς
1110 4467 1190 4538 (dada
1210 4493 1291 4557 μορ-

165 4581 275 4672 arpc'oa
295 4580 573 4667 κατακριθεὶς
602 4575 709 4667 πρὸς
730 4578 877 4666 θηρία·
906 4574 976 4657 ‚,t'›'rr
999 4569 1088 4650 σῖτός
1108 4571 1174 4656 εἰμι
1199 4573 1294 4651 Θεοῦ,

166 4688 216 4756 aad
239 4681 283 4754 δι’
305 4677 442 4753 ὀδόντων
462 4683 587 4772 θηρίων
607 4680 780 4772 ἀλήθομαι,
801 4680 853 4750 ἵνα
866 4676 1011 4772 καθαρός
1025 4679 1123 4768 ἄρτος
1137 4677 1293 4766 εὑρεθῶ·

166 4848 291 4913 temporis
310 4843 467 4912 longitudine
484 4845 532 4896 riri
550 4844 716 4895 constantiam
744 4844 841 4911 lpaatir'
858 4840 889 4891 ad
909 4840 980 4892 liora.

167 4934 344 4988 labefactaret.
779 4928 807 4989 2)
826 4927 890 4978 Adv.
905 4927 974 4978 haer.
988 4926 1017 4992 t,
1031 4922 1072 4976 28.
1102 4919 1177 4990 Apud
1191 4918 1293 4972 lineet.

205 5022 233 5090 1)
253 5023 364 5078 cordae.
392 5020 423 5074 ed
452 5035 474 5072 e.
496 5019 508 5072 l
534 5017 663 5088 Ephrotre
685 5020 716 5072 S·
744 5014 808 5068 lliat.
828 5015 892 5066 eccl.
911 5012 955 5080 tlt,
974 5012 1016 5065 36.
