3067 6450
208 1189 271 1254 346
423 1185 561 1241 unauna
579 1184 715 1241 PASTOR·
743 1185 849 1247 disan
866 1185 897 1241 ll.
932 1187 1079 1265 nubunt.
1098 1188 1120 1243 1.

208 1352 295 1429 enim,
313 1351 416 1432 inquil,
431 1353 473 1427 ut,
490 1365 567 1429 qnae
582 1346 682 1408 vidisti
699 1348 847 1428 superius,
864 1349 961 1410 amnie
979 1349 1029 1411 tibi
1045 1368 1154 1412 rursus
1167 1351 1326 1430 ostenden,

206 1444 368 1538 preacipde
392 1471 469 1536 quea
492 1471 532 1514 ex
556 1453 599 1513 eis
623 1452 703 1513 utilia
727 1459 795 1516 sunl
820 1456 913 1518 vobis.
945 1456 1072 1519 Primum
1096 1458 1233 1519 omnium
1254 1477 1328 1521 maa·

207 1560 273 1621 dela
298 1579 362 1621 mea
387 1565 416 1620 et
438 1559 557 1639 species
579 1556 800 1619 similitudinum
824 1561 940 1636 scribe3
969 1557 1109 1641 ¹relique
1128 1569 1241 1638 eutem,
1264 1563 1329 1624 sicut

207 1665 369 1728 ostendero
393 1665 454 1741 tibi,
478 1664 523 1726 sic
544 1682 578 1725 ee
595 1663 720 1724 scribes.
751 1661 823 1725 ldeo
841 1669 937 1725 eutem
955 1665 1107 1747 preecipio
1127 1666 1189 1742 tibi,
1214 1667 1330 1746 primurn

206 1768 343 1831 mandate
360 1788 424 1830 mee
442 1774 469 1830 el
487 1767 691 1830 similitudines
708 1767 852 1846 scribere,
877 1774 908 1830 ul
927 1769 1053 1830 subinde
1069 1770 1206 1852 legendo
1224 1770 1330 1834 facilius

206 1895 240 1936 ce
271 1874 422 1955 custodire
450 1873 579 1955 possis.“
626 1868 766 1953 “Scripsi
790 1873 881 1955 igitur
904 1873 1038 1935 meudula
1062 1881 1091 1936 et
1117 1875 1329 1955 similitudines,

205 1979 244 2040 ila
268 1985 299 2040 nt
322 1981 474 2060 praecepit
498 1978 575 2040 mibi.
607 1978 691 2053 Quae
714 1976 813 2040 audita
836 1979 861 2040 si
885 1977 1096 2056 custodieritis,
1122 1986 1214 2060 etque
1240 1982 1269 2042 in
1292 1981 1330 2043 bis

204 2084 436 2162 ambulaveritis,
459 2092 489 2145 et
505 2083 702 2147 exercueritis
718 2100 754 2144 ea
770 2091 869 2145 mente
884 2102 969 2164 pura,
992 2084 1146 2163 recipietis
1165 2102 1180 2144 a
1198 2085 1329 2162 Domino,

205 2208 282 2270 qnae
311 2188 457 2271 pollicitus
488 2196 533 2250 est
562 2189 657 2252 vebis.
703 2188 753 2252 Sin
787 2194 885 2249 autem
915 2188 950 2249 iis
980 2170 1088 2248 auditis
1121 2206 1182 2249 nan
1213 2191 1330 2271 egeritis

204 2293 425 2374 poenitentiam,
449 2292 501 2354 sed
526 2293 622 2357 edbuc
645 2293 816 2376 adjeceritis
839 2292 876 2354 ad
901 2292 1007 2355 delicta
1031 2300 1145 2371 vestre,
1170 2314 1187 2357 a
1210 2296 1328 2358 Domine

204 2397 331 2459 adversa
354 2398 512 2477 recipietis.
559 2398 639 2462 Heec
670 2399 767 2464 emnia
791 2399 945 2481 praecepit
967 2398 1035 2461 mibi
1058 2401 1200 2462 scribere
1222 2410 1329 2480 paster

204 2501 270 2581 illc,
295 2497 445 2564 ³nuntius
468 2503 679 2582 poeniteutiae.

647 2710 850 2843 blandulum„
861 2713 887 2794 Ι.

548 2889 596 2951 De
618 2889 678 2970 fide
702 2890 735 2950 in
758 2907 853 2951 enirm
875 2891 981 2953 Deum

246 3029 408 3116 *Πρῶτον
430 3025 557 3091 πάντων
573 3024 752 3106 πίστευσον,
823 3028 1007 3108 ⁴„Primum
1055 3031 1188 3093 amnium
1230 3031 1322 3109 crede,

203 3129 254 3198 ὅτι
269 3122 313 3206 εἷς
326 3122 440 3198 sarred
456 3125 547 3211 Θεός,
564 3125 637 3197 ded
649 3125 753 3198 πάντα
780 3134 859 3216 qnod
877 3153 952 3197 unus
969 3139 1016 3196 est
1031 3135 1135 3213 Deus,
1159 3136 1210 3216 qui
1234 3137 1321 3199 emnie

201 3234 311 3313 κτίσας
353 3236 404 3301 καὶ
447 3233 654 3325 καταρτίσας,
699 3236 752 3303 καί
780 3242 893 3303 creavit
926 3247 955 3302 cl
978 3242 1215 3319 consummavit,
1238 3248 1319 3302 etex

202 3334 340 3429 ποιήσας
363 3335 397 3405 ἐκ
417 3348 458 3406 rei
477 3339 520 3428 μή
543 3339 752 3419 bucceleno*
781 3346 871 3408 nibilo
889 3346 985 3408 omnia
1002 3344 1081 3407 lecit.
1115 3342 1212 3427 5Ιρσα
1234 3363 1319 3426 capax

200 3436 455 3511 εἷναιτσέττσίντα.
479 3436 753 3529 5ΕἷςΘεόςμαίσς
780 3451 989 3513 universorum
1033 3450 1118 3512 solus
1167 3451 1316 3512 immensus

109 3579 112 3584 ·
202 3542 220 3615 ὁ
239 3544 344 3615 πάντα
361 3558 480 3638 χωρῶν,
501 3543 597 3634 μόνος
613 3548 650 3616 δὲ
666 3542 750 3633 ἀχώ·
780 3561 837 3633 est,

200 3677 295 3744 ρητος
310 3646 361 3732 dv,

237 3812 265 3881 l]
286 3817 403 3881 Reliqua.
439 3810 501 3862 lude
520 3811 660 3880 colligitur,
680 3812 749 3864 ller-
777 3813 829 3864 llis.
843 3812 863 3877 l,
879 3812 906 3861 l:
927 3813 1041 3865 condidit
1056 3814 1242 3877 exnibiteea,
1260 3827 1315 3882 quet

143 3904 145 3907 ’
200 3914 265 3949 mem
285 3898 355 3949 libris
374 3900 467 3948 nostris
487 3897 521 3960 [ll
541 3906 566 3948 et
585 3897 632 3962 ΙΙΙ,
656 3901 698 3966 qui
718 3898 749 3950 de
777 3910 849 3953 aunt.
896 3898 1089 3966 Sapientissimo
1125 3897 1244 3949 blandate
1275 3897 1314 3948 bec

199 3987 333 4037 mendatis
358 3990 383 4034 et
408 3985 629 4038 similitudinibus
648 3986 748 4051 agunt),
778 3988 815 4036 usi
842 3994 900 4036 sunt
925 3986 984 4036 olim
1011 3984 1037 4035 S.
1057 3984 1083 4034 S.
1104 3983 1209 4047 Patren
1237 3985 1271 4035 uei
1294 3989 1315 4033 et

199 4068 290 4120 librum
303 4070 437 4137 quemdem
451 4077 575 4136 quartum,
595 4071 635 4136 qui
647 4074 749 4139 reliqua
777 4074 898 4123 haeretici
918 4073 1013 4134 Ariani,
1034 4070 1154 4123 Hermam
1174 4073 1265 4124 decere
1280 4069 1313 4121 al·

202 4157 361 4221 contineret,
381 4156 475 4207 eddere
495 4154 613 4206 voluisse.
640 4202 648 4211 ,
776 4159 911 4222 firmantes,
929 4158 1019 4209 Filium
1039 4174 1143 4227 queque
1162 4177 1200 4213 ex
1219 4160 1313 4212 amdan

236 4242 263 4304 2)
294 4240 371 4293 Liber
411 4243 521 4294 Hermae
562 4242 748 4310 quodammado
778 4245 851 4296 Patre
875 4256 992 4299 creatum
1011 4259 1076 4295 cese.
1112 4243 1312 4297 lleeraticeslrar

200 4327 289 4380 Etbica
328 4330 461 4382 christiana
498 4332 620 4383 naminari
654 4340 748 4399 potest.
776 4335 883 4401 castigat
901 4336 1077 4394 declinarem,
1097 4330 1114 4381 l.
1135 4348 1159 4382 c.
1180 4350 1205 4400 p.
1224 4332 1263 4383 69.
1280 4327 1312 4379 70.

200 4412 251 4467 cfr.
272 4420 439 4481 declinarem,
457 4417 474 4468 Ι.
493 4434 515 4468 c.
538 4434 562 4485 p.
583 4418 624 4468 tt.
777 4417 828 4470 cn.
849 4423 917 4488 ltta’y,
937 4419 993 4469 hist.
1007 4417 1069 4468 eccl.
1083 4420 1159 4485 primi
1172 4436 1224 4471 aec.
1237 4436 1260 4486 p.
1273 4416 1311 4469 lii

236 4500 747 4573 3)’Ayyrlvarisrrfwrot'cretiarnapud
776 4515 802 4558 et
831 4508 947 4559 semleri
982 4506 1040 4555 bist.
1071 4504 1155 4556 doctr.
1188 4506 1267 4558 ebriet
1292 4504 1309 4551 it

201 4594 280 4647 clem.
300 4595 375 4645 Alex.
392 4591 459 4658 (quie
478 4588 549 4639 dives
568 4592 637 4642 c.l2
656 4592 687 4642 ed
707 4593 747 4643 lln.
777 4597 968 4662 dinumerarint,
1005 4591 1084 4642 theol.
1121 4590 1308 4662 Streitiglteiten,

200 4697 225 4747 p.
244 4678 303 4729 961.
324 4679 364 4731 cd.
385 4676 486 4741 venet.)
508 4677 582 4728 uobis
599 4680 718 4729 accurrit.
777 4678 803 4731 T.
823 4679 852 4729 ΙΙ.
873 4696 898 4746 p.
920 4678 960 4730 13.
983 4679 1041 4730 Not.
1066 4677 1105 4730 15.

235 4769 263 4830 4)
282 4766 377 4817 Graece
402 4774 487 4816 uestra
507 4765 621 4815 derumta
641 4774 698 4816 aunt
717 4782 747 4816 ex
811 4766 840 4833 5)
860 4765 924 4830 llec,
941 4775 966 4818 et
981 4764 1056 4816 multa
1069 4764 1119 4817 elia
1132 4763 1241 4818 Pectoris
1251 4765 1305 4830 irre·

201 4856 339 4906 Albeneaii
361 4852 404 4903 lib.
430 4852 462 4903 de
488 4851 591 4903 Decret.
611 4852 665 4903 llic.
687 4852 746 4917 Syn.
776 4853 1303 4908 mantaexbibctductarDertrinmddt·

201 4954 226 4989 n.
245 4940 268 4991 4.
294 4939 321 4991 Τ.
341 4939 359 4990 Ι.
380 4953 403 5005 p.
424 4941 482 4991 211.
500 4939 541 4990 ed.
562 4937 590 4991 B.
609 4937 638 4990 B.
675 4939 747 4990 Non·
776 4944 891 4993 tiendum
902 4938 1082 5003 veromam.
1094 4938 1302 4992 monetaneum

202 5024 267 5075 nulle
281 5026 318 5076 bia
331 5026 418 5076 similia
432 5030 567 5097 scripserat
575 5027 680 5079 Hermes
690 5026 717 5077 L.
728 5026 745 5078 ΙΙ
776 5024 802 5078 Τ.
816 5025 857 5076 ΙΙΙ.
877 5025 942 5095 Opp.
956 5025 981 5079 S.
995 5025 1133 5079 Athanasii.
1148 5044 1174 5095 p.
1188 5027 1242 5078 252.
1255 5041 1274 5075 u.
1284 5020 1299 5069 l·
