3067 6450
199 1184 244 1239 ns
639 1176 888 1233 raonssonenr.
1129 1173 1327 1245 muretus

200 1339 256 1407 tos
288 1331 328 1404 orl
358 1335 496 1425 κήρυγμα
525 1334 590 1401 τῶν
618 1329 839 1413 Menoetius,
874 1330 927 1400 καὶ
958 1325 1028 1419 τῆν.
1045 1329 1225 1420 παράδοσιν
1259 1327 1328 1421 πρό

202 1424 383 1532 ὀφθαλμῶν
405 1435 486 1523 ἔχων
508 1465 534 1503 κ.
558 1463 585 1504 τ.
605 1439 633 1503 λ.

291 1548 362 1612 Cum
379 1548 505 1611 Irenaeo
529 1553 587 1609 stat
601 1545 757 1609 Eusebius
781 1542 835 1629 (Η.
852 1545 886 1609 Ε.
902 1545 948 1623 ΙΙΙ,
973 1540 1021 1608 13.
1044 1541 1092 1608 15.
1108 1541 1179 1626 31.)
1204 1542 1328 1622 docens,

201 1653 315 1719 Linum
337 1653 373 1716 ab
397 1670 476 1719 anuo
500 1647 543 1716 68
565 1668 660 1731 usquc
683 1650 720 1714 od
742 1669 770 1713 a.
790 1647 843 1728 80,
867 1648 1068 1711 Auencletum
1089 1644 1229 1726 tto-92,
1253 1647 1328 1710 Gle-

201 1764 329 1820 montem
354 1750 502 1821 92-101
527 1776 555 1838 p.
579 1753 630 1816 Cb.
655 1773 683 1816 n.
707 1754 810 1817 sedem
834 1752 994 1816 Romanam
1017 1752 1158 1814 tenuisse.

288 1859 421 1925 Eandem
442 1860 618 1949 sententiam
634 1857 843 1939 Hieronymus
866 1856 896 1919 in
920 1856 997 1921 libro
1020 1856 1059 1920 de
1077 1856 1150 1920 viris
1166 1854 1328 1918 illustribus

203 1984 229 2030 c.
255 1961 293 2029 15
317 1965 463 2045 tuebatur,
486 1972 518 2028 ut
539 1981 630 2049 supra
652 1962 778 2025 vidimus
797 1959 836 2043 ¹).

289 2065 318 2134 4.
363 2069 467 2132 Varias
501 2069 555 2132 bas
585 2066 747 2131 sententias
779 2065 817 2128 ita
849 2065 1069 2146 componebant
1099 2063 1155 2125 viri
1187 2061 1267 2127 docti
1299 2068 1330 2125 et

202 2173 368 2255 priscorum
391 2179 422 2235 et
443 2172 645 2236 recentiorum
668 2175 851 2251 temporum,
883 2175 915 2233 ut
938 2169 1138 2251 conjicerent,
1162 2166 1276 2230 Linum
1299 2173 1330 2229 et

205 2277 324 2343 Ctetum
355 2278 523 2342 uiuentibus
553 2275 649 2339 adhuc
672 2274 826 2356 Apostolis
848 2273 940 2337 Paulo
968 2280 998 2335 et
1019 2273 1106 2336 Petro
1128 2271 1329 2334 Romanorum

202 2381 333 2451 fidetium
366 2380 460 2444 tuisse
490 2363 655 2458 antistites,
681 2379 865 2443 Clementem
887 2385 1003 2457 auteur,
1036 2378 1092 2442 illis
1119 2377 1247 2440 tortasse
1271 2376 1330 2439 de-

204 2483 324 2564 functis,
341 2502 396 2548 seu
412 2485 467 2549 sub
480 2484 603 2547 Nerone
619 2487 761 2568 martyrio
778 2484 931 2549 coronatis
945 2480 988 2568 ²),
1004 2501 1021 2545 a
1037 2483 1136 2560 Petro,
1151 2479 1188 2544 ad
1204 2488 1330 2545 mortem

205 2594 399 2672 properante,
421 2588 574 2653 Romanae
598 2589 748 2653 ecclesiae
770 2589 962 2670 Episcopum
985 2605 1054 2652 esse
1078 2586 1252 2650 ordinatum.

285 2693 375 2755 ¹llorrc
397 2694 575 2756 sententiam
599 2694 662 2757 tuiti
684 2701 753 2758 sunt

246 2794 288 2883 o)
302 2797 436 2877 ¹Rufinus
453 2794 567 2880 (Praei.
585 2799 614 2862 in
630 2799 658 2864 S.
676 2799 837 2862 Clementis
850 2792 1043 2879 Recognit.):
1070 2794 1168 2874 Cujus
1187 2796 1235 2856 rei
1250 2796 1332 2857 boue

247 2958 251 2963 .
313 2903 489 2982 occepimus
512 2922 581 2966 esse
603 2904 767 2981 rationem,
792 2903 877 2983 quod
899 2900 1000 2964 Linus
1022 2908 1052 2963 ot
1078 2899 1182 2962 Clesus
1203 2899 1333 2977 suerunt

315 3007 437 3087 quidem
466 3015 539 3070 onte
567 3005 752 3070 Clementem
782 3005 933 3088 Episcopi
963 3005 997 3067 iu
1025 3003 1101 3066 urbe
1127 3005 1245 3082 Romu,
1274 3003 1332 3065 sed

235 3105 239 3114 ’
314 3113 481 3190 superstite
503 3111 614 3190 Patro,
645 3113 809 3187 videlicet,
842 3118 876 3174 ut
906 3109 956 3171 itti
982 3108 1190 3190 Episcopatus
1225 3127 1333 3170 curum

315 3225 468 3297 perorent,
491 3217 558 3298 ipse
581 3235 657 3279 aero
673 3215 878 3295 Apostolotus
901 3213 1042 3292 impleret
1063 3212 1207 3293 ospicium.
1242 3213 1334 3276 Sicut

318 3321 476 3384 iuvenitur
498 3321 592 3383 etiam
615 3321 702 3400 opud
726 3320 916 3392 Caesareum
935 3318 1073 3398 fecicum
1098 3318 1152 3380 ubi
1175 3320 1334 3396 cumipse

315 3433 398 3488 esset
413 3443 581 3505 praeseus,
597 3424 775 3487 Zoobaeum
794 3431 894 3485 tumen
913 3441 934 3485 o
950 3441 985 3484 se
1006 3422 1186 3484 ordinatum
1201 3421 1337 3484 babebat

315 3528 514 3609 Episcopum.
561 3528 603 3592 Et
623 3530 682 3593 boc
703 3528 797 3590 uredo
827 3534 991 3606 utrumque
1021 3546 1126 3589 oerum
1157 3526 1335 3588 videbitur.-

316 3641 351 3694 ut
366 3640 395 3693 et
409 3634 457 3695 illi
473 3641 544 3696 onte
559 3632 743 3695 Clementem
757 3638 956 3695 numerentur
966 3631 1127 3711 Episcopi,
1145 3640 1175 3695 et
1192 3631 1333 3695 Clemens

316 3744 417 3795 tumen
438 3743 513 3813 post
535 3734 652 3798 obitum
674 3734 758 3796 Petri
782 3735 916 3796 docendi
938 3737 1112 3815 susceperit
1133 3737 1245 3798 sedem.

248 3833 291 3920 pi)
318 3835 487 3898 chronicon
510 3836 645 3900 Damasi:
669 3837 740 3900 Nisi
762 3847 904 3918 tempora
922 3841 1125 3920 pontificatus
1146 3840 1220 3904 tim
1242 3849 1333 3923 utque

320 3940 400 4002 Cteti
415 3940 473 4003 sub
488 3943 594 4023 spatio
607 3944 811 4021 praesulatus
822 3942 858 4007 B.
871 3943 955 4006 Petri
969 3945 1251 4025 comprebeuderis,
1267 3964 1333 4009 nou

316 4042 378 4107 sibi
402 4064 540 4109 eousouo
563 4046 797 4127 respondebunt
818 4049 896 4113 usui
916 4050 1100 4130 pontificum
1118 4049 1333 4113 Romanorum

255 4213 257 4216 .
316 4148 412 4210 aunis
434 4150 664 4228 imperatorum.

251 4247 289 4336 p)
321 4251 399 4314 Beda
424 4254 619 4333 venerabilis,
643 4255 800 4335 Rabanns,
825 4256 937 4339 Hoymo
961 4262 992 4318 et
1012 4255 1071 4319 alii.
1117 4254 1177 4318 Gir.
1202 4255 1331 4321 Goteler.

316 4354 362 4418 ed.
386 4357 502 4420 Patrum
525 4364 620 4440 apost.
644 4360 677 4423 T.
701 4359 721 4422 Ι.
744 4379 773 4442 p.
799 4357 863 4425 492
885 4365 915 4422 et
937 4378 965 4442 p.
989 4356 1062 4423 387.

296 4460 494 4543 conjecturae
518 4461 586 4526 huic
601 4463 749 4529 Eusebius
774 4465 881 4544 obstat,
904 4463 1029 4544 docens,
1052 4461 1233 4529 Clementem
1252 4483 1331 4529 anno

206 4561 325 4627 demum
355 4562 398 4629 92
427 4564 530 4629 sedem
562 4567 763 4652 episcopalem
792 4566 983 4646 ascendisse,
1017 4565 1060 4632 24
1082 4569 1167 4632 annis
1195 4576 1332 4633 amorte

207 4668 238 4735 S.
256 4668 334 4732 Petri
355 4670 578 4751 praeterlapsis,
602 4689 728 4752 quorum
755 4668 795 4737 12
810 4671 896 4750 Lino,
909 4670 949 4733 'et
972 4674 1083 4754 pariter
1109 4671 1149 4737 12
1163 4673 1331 4738 Anencleto

243 4820 271 4885 1)
290 4819 341 4874 co.
361 4837 420 4890 ρας.
443 4821 559 4875 anteced.
578 4821 635 4875 Not.
654 4824 680 4875 2.
785 4832 811 4875 et
827 4823 894 4876 linio
913 4823 984 4878 Coss.
1003 4825 1030 4892 (i.
1046 4842 1070 4879 e.
1090 4824 1119 4879 Α.
1140 4825 1175 4877 67
1193 4844 1218 4896 p.
1238 4824 1297 4893 Cb.)
1316 4844 1332 4880 e

243 4906 273 4973 2]
292 4904 420 4958 indiculus
450 4905 619 4960 Romanorum
655 4906 756 4976 pontit,
784 4911 849 4962 nivis
869 4908 1011 4965 decessisse
1029 4920 1141 4968 annoni.

206 5008 283 5064 supro
311 4999 481 5058 memoratus,
509 4994 609 5047 binum
631 4990 758 5062 Capitone
