3067 6450
106 5219 190 5312 h

197 1193 261 1258 368
409 1186 547 1242 adauae
566 1185 700 1241 PASTOR.
737 1185 833 1240 trouu
852 1185 883 1240 ii.
919 1186 1065 1244 ttattoar.
1083 1188 1116 1242 Χ.

197 1348 287 1414 δοκεῖ
315 1343 472 1434 σωτηρίαν
501 1338 600 1428 ἔχειν,
633 1345 684 1413 ὅτι
710 1344 749 1412 τό

196 1446 335 1540 πονηρόν
380 1443 509 1540 πράξας
558 1443 748 1538 μετενόησεν.

199 1552 410 1644 [Ἀμφότεροι
434 1553 470 1621 δὲ
492 1555 570 1643 τῶν]
598 1547 749 1645 πράξεων

198 1661 335 1728 λυποῦσι
349 1658 404 1726 ado
418 1652 614 1749 ἄνθρωπον·
638 1658 673 1750 [ἦ
694 1660 750 1741 μὲν
820 1661 971 1743 Utraeque
1008 1682 1085 1747 ergo
1122 1684 1175 1729 res
1212 1665 1326 1730 taeduut

197 1759 297 1852 λύπη,
320 1763 385 1853 ὅτι]
416 1759 557 1848 ἀπέτυχε
583 1768 642 1853 τῆς
666 1757 749 1854 προί-
777 1766 916 1848 Spiritum
947 1775 1098 1848 sanctum,
1132 1769 1277 1836 dubitatio
1300 1779 1326 1834 et

197 1869 285 1950 ξεως,
299 1867 319 1956 ἡ
334 1868 370 1935 δὲ
387 1867 546 1952 ὀξσχολία,
563 1870 614 1936 ὅτι
629 1864 750 1958 ε”πραξε
778 1872 910 1934 tristitia:
927 1870 1079 1952 dubitatio,
1095 1875 1168 1955 quia
1185 1895 1247 1939 uon
1259 1895 1325 1939 suo-

196 1974 236 2042 τό
272 1969 420 2063 πονηρόν.
472 1968 658 2063 ’Λμηότερα
695 1968 750 2040 οὖν
777 1977 868 2039 cessit
900 1983 984 2039 actus
1018 1980 1103 2062 ejus3
1141 1987 1173 2042 et
1205 1982 1325 2059 tristitia,

197 2071 324 2170 λύπηρά
353 2078 421 2146 ἐστι
449 2087 496 2166 τῷ
524 2073 682 2162 πνεύματι
703 2080 750 2164 τῷ
777 2084 845 2163 quia
869 2080 939 2144 iecit
961 2082 1146 2145 iracundiam
1170 2084 1298 2166 Spiritui.

197 2176 288 2271 ἁγίῳ.
329 2179 442 2273 ΙῖΑρον
465 2179 519 2249 οὖν
538 2176 607 2249 aiud
623 2191 680 2249 σοῦ
695 2177 750 2270 την
823 2186 940 2250 'Auser
954 2205 1030 2271 ergo
1046 2189 1198 2252 tristitiam
1213 2209 1231 2253 a
1247 2197 1286 2267 te,
1300 2198 1325 2252 et

199 2289 308 2378 λύπην,
329 2287 380 2355 καί
395 2288 441 2375 μή
453 2286 552 2371 attide
566 2284 605 2355 τό
626 2291 751 2370 πνεῦμα
778 2291 839 2355 noti
855 2290 1010 2355 offendere
1027 2291 1171 2374 Spiritum
1187 2301 1325 2373 sanctum,

199 2390 238 2461 τί
261 2389 363 2480 ἅγιον,
391 2390 429 2458 ro*
450 2392 481 2459 ἐν
503 2393 555 2461 σοί
576 2395 750 2472 κατοικοῦν,
778 2397 829 2477 qui
858 2397 886 2460 in
917 2401 947 2459 te
976 2395 1104 2471 habitat;
1141 2417 1182 2461 ne
1215 2396 1324 2483 ττορει

198 2496 325 2586 μήποτε
355 2494 564 2586 ίὲνπεὺξηται
593 2507 641 2585 τῷ
668 2500 749 2584 Θεῷ,
777 2500 943 2580 Dominum,
960 2506 989 2562 et
1004 2499 1141 2566 discedat
1157 2521 1175 2565 a
1191 2509 1231 2567 te.
1261 2505 1324 2585 Spi-

198 2601 250 2667 κοὶ
272 2599 400 2692 ἀποστῇ
421 2596 489 2671 ἀπὸ
511 2606 580 2670 σοῦ.
623 2601 668 2671 Τό
690 2599 750 2692 γὰρ
778 2606 852 2670 ritus
868 2606 946 2668 euim
961 2606 1026 2684 Dei,
1050 2606 1100 2687 qui
1118 2607 1214 2671 'datus
1235 2616 1282 2671 est
1299 2610 1324 2670 ir

199 2708 323 2790 πνεῦμα
337 2715 397 2773 τοῦ
412 2710 504 2787 Θεοῦ,
526 2703 566 2774 τό
587 2706 688 2773 δοθὲν
704 2706 752 2784 είς
778 2729 916 2790 caruem,
939 2710 1086 2774 tristitiam
1108 2731 1173 2777 uon
1195 2713 1322 2777 sustinet

198 2806 255 2899 την
277 2809 378 2900 σάρκα
399 2805 531 2899 ταύτην,
553 2813 652 2900 λύπην
674 2836 751 2902 σαρ-

199 2910 284 3003 κικήν
301 2915 358 2999 οὐχ
372 2910 541 3006 ίποφὲρει,
557 2911 631 2983 aiot
645 2939 752 2984 στενο-

200 3018 327 3110 χωρίαν.
362 3059 404 3069 -
430 3014 577 3090 ’Ἑνδοσαι
608 3013 662 3089 οὖν
694 3020 752 3110 την
778 3025 871 3088 indue
894 3032 924 3088 te
955 3043 1030 3108 ergo
1055 3025 1222 3105 hilaritate,
1253 3041 1322 3106 quaa

200 3119 381 3216 ἱλαρότητα,
396 3126 451 3214 τήν
466 3128 604 3194 πάντοτε
618 3126 752 3211 ε”χοοσαν
778 3147 898 3211 semper
913 3130 1002 3193 habet
1020 3130 1148 3212 gratiam
1168 3129 1248 3211 apud
1262 3130 1322 3191 Do·

199 3226 292 3322 χοίριν
314 3231 405 3321 παρα
433 3235 480 3319 τῷ
503 3236 590 3320 Θεῷ,
621 3233 674 3300 καί
702 3230 750 3299 eri-
778 3237 905 3313 minum,
950 3244 980 3299 et
1016 3235 1178 3299 laetaberis
1218 3237 1246 3298 iu
1283 3253 1321 3296 aa.

197 3332 396 3426 πρόσδεντον
429 3332 527 3404 οὖσαν
561 3336 663 3422 αὐτῷ,
699 3335 751 3402 καὶ
779 3340 881 3403 Omnis
919 3341 996 3403 enim
1034 3339 1137 3402 hilaris
1171 3341 1217 3402 vir
1252 3340 1322 3400 bene

197 3433 391 3531 ἐντρίφησον
412 3441 446 3509 ἕν
467 3441 556 3529 αὐτῇ.
595 3450 670 3518 Παῖς
688 3437 751 3531 poio
778 3449 929 3526 operatur,
953 3452 983 3506 et
998 3445 1077 3507 bona
1093 3446 1182 3526 sapit,
1205 3451 1236 3507 et
1251 3461 1321 3506 oon·

198 3541 311 3636 ίλαρός
333 3540 412 3636 α’νήρ
440 3541 552 3635 ἁγαθοὶ
578 3544 751 3638 ἐργάζεται,
778 3550 880 3613 temnit
903 3546 1109 3632 ³injustitiam.
1155 3549 1208 3610 Vir
1232 3554 1321 3610 autem

197 3650 250 3718 καί
272 3646 382 3737 ἀγαθοί
412 3658 542 3741 φρονεῖ,
572 3651 623 3718 καὶ
652 3675 747 3717 κατα·
777 3655 867 3717 tristis
877 3650 1322 3733 malefacit,quiairistemiacit

198 3760 312 3846 φρονεῖ
346 3759 405 3844 τῆς
439 3757 578 3839 ματαίας
613 3756 750 3842 3λε’στης.
778 3758 916 3840 Spiritum
938 3763 1083 3834 sanctum,
1105 3758 1159 3836 qui
1178 3756 1264 3818 datus
1284 3759 1321 3817 esi

196 3852 230 3926 ‘0
260 3859 296 3925 δὲ
328 3855 470 3946 λυπηρὸς
502 3856 579 3949 ἆνηρ
613 3851 750 3926 πάντοτε
778 3862 889 3926 homiui
911 3856 1029 3924 ⁴hilari.
1075 3859 1111 3921 Et
1132 3861 1242 3923 iterum
1256 3858 1321 3920 malo

199 3960 357 4052 ὀργίζεται
385 3961 438 4028 καὶ
468 3957 599 4046 ἀνομίαν
621 3962 748 4051 ἐργάζε-
778 3967 857 4046 iacit,
874 3964 955 4047 quod
970 3965 1062 4028 tristis
1078 3970 1147 4028 orat
1164 3964 1319 4037 Dominum,

197 4089 260 4144 τοι,
282 4065 324 4155 μή
345 4057 547 4152 ἐντυγχάνων,
569 4066 648 4155 μηδὲ
672 4066 748 4144 ⁵⁶²}-
778 4078 808 4135 et
828 4090 888 4135 nou
911 4067 1075 4133 antefecit
1098 4063 1319 4150 ⁶exomologe-

200 4171 451 4257 ομολογούμενος
473 4174 520 4258 τῷ
541 4174 621 4259 Θεῷ.
658 4165 748 4237 Πάν·
778 4177 835 4256 sin,
851 4181 881 4238 et
896 4193 956 4238 uon
972 4165 1110 4255 impetrat
1125 4191 1144 4236 a
1158 4174 1236 4252 Deo,
1252 4167 1318 4253 quod

198 4293 274 4340 τοτε
306 4270 365 4364 γάρ
399 4264 546 4367 λυπηροῦ
581 4270 699 4366 α’νδρός
731 4270 750 4364 ἦ
778 4281 858 4361 petit.
885 4279 1011 4360 Semper
1026 4276 1106 4339 euim
1123 4278 1224 4341 oratio
1241 4276 1318 4340 tristis

199 4371 339 4457 ἔντευξις
362 4373 418 4446 oria
440 4379 508 4464 ἔχει
535 4380 666 4465 δύναμιν
693 4387 751 4446 τοῦ
778 4384 904 4447 hominis
929 4400 990 4446 uon
1013 4379 1105 4445 habat
1128 4383 1317 4460 virtutem,ut

236 4591 264 4658 1)
299 4588 369 4643 liaeo
411 4592 470 4642 itam
513 4590 590 4641 habet
626 4594 747 4646 Antiootu
776 4590 845 4658 quod
870 4605 932 4641 mue
951 4595 1085 4642 contortor
1103 4588 1237 4657 pertulero
1254 4585 1315 4639 ride·

199 4675 286 4729 homil.
307 4677 348 4728 25.
777 4684 825 4729 tur.
854 4681 989 4729 Gaurano.

234 4764 264 4829 2)
283 4761 468 4831 Ἐντογχίνον,
494 4763 666 4831 compatiare,
691 4766 748 4818 coi·
810 4764 841 4828 4)
861 4762 889 4815 F.
908 4766 1013 4818 hilaria.
1042 4766 1154 4819 Furnio.

200 4850 288 4918 ioqui,
321 4866 409 4917 orare,
442 4867 491 4904 uon
519 4867 589 4904 moro
619 4852 697 4921 indigi
723 4859 749 4904 et
811 4850 841 4917 5)
859 4849 878 4902 l.
898 4866 921 4902 a.
949 4850 1079 4904 contento
1102 4853 1197 4908 ίιαόίι
1221 4850 1314 4908 ‹ttrtraa

201 4938 320 4988 auritium
339 4941 492 5005 quaerentia.
523 4941 619 4989 Corn.
756 4951 828 4987 ,uon
847 4944 1019 5005 peccatorum.
1048 4940 1148 4993 Οοτιι.

236 5022 265 5089 3)
285 5022 376 5077 Forte:
396 5028 541 5081 rrtrttttan.
578 5023 615 5076 ita
634 5024 758 5097 Graecei
