3067 6450
316 1191 438 1250 tonitru
458 1189 615 1248 heustena
633 1190 679 1247 ho
697 1190 923 1249 tourcnntutt.
941 1193 993 1249 lib
1013 1192 1077 1251 vm.
1196 1192 1261 1266 243

107 1373 249 1438 ιοοςοῐο
279 1354 345 1417 Deo
379 1352 635 1433 decentissimum,
670 1360 699 1417 et
731 1354 847 1437 eligere
877 1355 1023 1437 aliquem,
1058 1375 1145 1438 quem
1175 1357 1262 1421 valde

132 1459 255 1521 charum
278 1458 411 1521 habeatis
442 1466 472 1519 et
501 1458 674 1540 impigrum,
705 1459 756 1541 qui
785 1461 895 1540 poterit
926 1459 1042 1522 divinus
1070 1477 1176 1524 cursor
1204 1480 1262 1543 op-

131 1563 254 1645 pellari;
289 1562 428 1642 illumque
459 1580 496 1625 eo
528 1563 652 1644 dignare
681 1561 816 1641 honore,
848 1570 880 1625 ut
911 1565 939 1625 in
963 1563 1077 1644 Syriam
1108 1563 1261 1646 proiectus

132 1666 288 1747 impigram
312 1665 484 1727 charitatem
509 1671 638 1727 vestram
662 1665 698 1726 ad
721 1667 776 1727 Del
799 1666 925 1747 gloriam
954 1668 1095 1728 celebret.
1147 1666 1261 1731 'Chri-

132 1772 248 1833 stianus
279 1770 325 1831 sui
354 1776 530 1851 potestatem
561 1788 621 1830 non
652 1769 758 1848 hahet,
788 1770 842 1831 sed
867 1771 932 1833 Deo
954 1769 1079 1833 ²vacat.
1125 1771 1188 1832 lloo
1217 1777 1263 1833 est

134 1891 210 1955 opus
226 1873 281 1934 Dei
307 1878 337 1934 et
359 1878 499 1949 vestrum,
522 1873 640 1954 quando
663 1873 692 1935 id
717 1872 770 1937 ³in
795 1875 872 1937 illius
895 1874 1041 1937 honorem
1063 1873 1261 1957 perfeceritis.

133 1976 259 2039 Confido
290 1978 368 2039 onim
399 1974 556 2059 *gratiam
587 1995 643 2039 vos
667 1984 786 2059 paratos
810 1995 879 2040 esse
901 1978 937 2040 ad
962 1996 1038 2060 opus
1060 1978 1118 2041 hoc
1141 1979 1261 2067 bonurn,

133 2081 172 2142 ad
205 2080 297 2142 Deum
328 2081 490 2161 pertinens.
536 2081 632 2155 Ouum
665 2082 764 2162 itaque
795 2084 904 2144 scirem
934 2082 1097 2144 vehemens
1129 2087 1261 2145 vestrum

133 2202 208 2267 erga
232 2184 385 2246 veritatem
408 2183 547 2263 studium,
569 2184 655 2246 brevi
678 2185 801 2266 epistola
825 2203 881 2249 vos
904 2185 1075 2250 adhortatus
1097 2205 1173 2249 sum.

172 2373 244 2435 lllll.
288 2374 329 2436 Et
351 2374 433 2436 oliae
456 2372 608 2437 eeclesiae
632 2375 750 2456 lepalos
776 2377 828 2438 oel
849 2377 1002 2457 epistolas
1024 2376 1225 2441 Antiochiam

496 2480 629 2542 mittunt.
673 2480 899 2545 Salutationem

224 2595 347 2673 ⁵0uum
376 2595 542 2664 ⁶omnihus
574 2601 709 2664 ecelesiis
739 2604 874 2666 seribere
900 2621 961 2665 non
984 2603 1146 2684 potuerim,
1179 2601 1259 2683 quod

133 2709 260 2785 repente
284 2723 301 2766 a
323 2704 442 2767 Troade
458 2705 620 2787 Neapolim,
646 2698 658 2740 ²
664 2708 752 2789 jussu
775 2708 813 2769 ita
835 2707 1014 2788 postulante,
1038 2707 1260 2790 navigaverim3

133 2815 184 2885 tu,
217 2808 267 2888 qui
297 2808 465 2870 sententiae
494 2808 549 2870 Dei
579 2809 621 2870 sis
650 2827 790 2891 compos,
819 2812 934 2874 scribes
965 2804 1100 2871 ⁸vicinis
1132 2806 1260 2893 (versus
1381 2852 1388 2877 ι

134 2908 309 2995 Orientem)
333 2913 479 2991 ecelesiis,
503 2917 535 2974 ut
556 2920 585 2975 et
609 2913 665 2993 ipsi
683 2914 762 2975 idem
786 2913 903 2993 iaciant,
926 2914 976 2994 qui
995 2915 1120 2994 possint,
1144 2914 1260 2994 pedites

134 3018 267 3094 mittant,
298 3015 345 3078 olii
378 3034 454 3080 uero
487 3016 628 3097 epistolas
657 3035 711 3099 per
739 3036 812 3096 eos,
844 3019 892 3099 qui
920 3036 936 3079 a
969 3026 998 3079 te
1028 3018 1195 3093 mittentur;
1228 3022 1261 3080 ut

135 3116 344 3204 ’glorificeris
367 3129 492 3184 aeterno
515 3139 624 3203 opere,
656 3119 903 3202 quemadmodum
931 3120 1039 3202 dignus
1070 3138 1113 3183 es.
1159 3121 1260 3184 Saluto

134 3243 241 3288 omnes
269 3225 457 3305 nominatim,
487 3233 519 3289 et
539 3224 673 3307 Epitrnpi
703 3243 830 3290 uxorem
861 3244 928 3288 oum
958 3229 1017 3287 tota
1041 3218 1208 3288 domo'sua
1231 3228 1261 3286 el

133 3329 248 3393 liberis.
293 3330 394 3394 Soluto
418 3328 546 3393 Attalum
576 3329 645 3392 mihi
676 3329 807 3392 charum.
853 3328 954 3393 Saluto
986 3346 1069 3407 eum,
1104 3327 1155 3407 qul
1184 3344 1260 3408 pro·

134 3434 269 3498 lectione
292 3433 455 3518 inSyriam
479 3433 587 3518 dignus
610 3434 775 3496 habebitur.
821 3433 921 3496 Gratia
944 3432 973 3494 in
997 3437 1172 3513 perpetuum
1194 3449 1261 3493 oum

134 3538 188 3600 illo
218 3539 276 3599 orit
303 3544 333 3599 et
362 3555 429 3602 oum
457 3538 589 3600 mittente
619 3538 699 3601 illum
722 3537 897 3620 Polycarpo.
943 3535 1021 3618 Opto
1054 3552 1109 3599 vos
1140 3552 1261 3616 semper

134 3640 239 3705 valere
261 3642 291 3704 in
315 3641 381 3706 Deo
405 3648 509 3705 nostro
530 3641 605 3705 Jesu
629 3642 765 3721 Christo,
795 3659 851 3724 per
880 3658 968 3722 quem
997 3640 1028 3701 in
1060 3639 1171 3702 unione
1193 3655 1260 3701 oum

134 3883 234 3948 firmat,
260 3883 337 3936 verba
364 3883 491 3952 genuina,
517 3898 583 3951 quae
606 3880 685 3947 Syrus
746 3882 776 3950 6)
794 3880 961 3950 interpolator
978 3880 1049 3932 addit
1065 3874 1117 3928 adr.

134 3968 242 4037 legerit,
261 3985 309 4022 nec
327 3984 376 4022 uon
395 3970 565 4022 narrationem
580 3966 685 4020 Busehli
747 3968 776 4030 7)
803 3966 822 4019 1.
847 3983 871 4020 a.
901 3970 1052 4021 mandatust
1080 3968 1260 4036 immutarit,

135 4057 281 4125 (dynastiam
300 4059 370 4109 beato
385 4059 530 4126 Polpemo
545 4058 686 4108 aeclesiam
712 4069 759 4104 sea
785 4057 913 4119 militum,
944 4055 989 4123 pai
1020 4054 1151 4121 lputiun
1176 4054 1261 4105 dues-

135 4144 311 4196 Antiaeltasaa
328 4145 526 4196 commendam
542 4139 604 4191 llist.
620 4139 684 4191 oeol.
713 4143 786 4204 iant,
824 4156 870 4192 sea
905 4141 1029 4193 noluntas
1060 4141 1117 4193 liei.
1164 4136 1262 4202 Golpoa

133 4225 179 4291 ΙΙΙ,
193 4226 250 4294 ad.)
267 4226 370 4280 falsario
382 4227 414 4282 ad
428 4228 586 4279 conficienda
604 4226 686 4292 capita
712 4225 829 4277 absolute
846 4225 948 4294 ponitur
958 4222 1009 4291 Ep.
1022 4223 1055 4275 ad
1067 4222 1167 4291 Sauara.
1180 4240 1205 4277 e.
1220 4222 1262 4275 ll.

133 4311 179 4364 vtt
197 4321 224 4364 et
242 4311 298 4365 lllll
315 4329 401 4366 ansam
420 4312 531 4367 dedisse.
568 4310 595 4363 ld
615 4311 685 4362 nollo
711 4316 855 4364 Jnoossor.

133 4398 212 4451 modo
230 4399 427 4452 verisimileest.
454 4395 685 4449 Curetonuadeni·
747 4396 777 4461 8)
801 4395 853 4449 Cir.
878 4399 1010 4466 llhllaors,
1039 4394 1057 4450 l.
1075 4410 1099 4449 e.
1123 4411 1148 4464 p.
1167 4393 1209 4448 ot.
1237 4392 1269 4450 al.

133 4500 185 4554 que
202 4492 230 4536 et
247 4485 273 4536 in
292 4499 325 4536 eo
343 4486 454 4550 erravit,
476 4484 544 4554 quod
563 4483 685 4552 capitibus
712 4482 852 4548 ἔμπροσθεν
868 4480 985 4547 ἐκκλησίαι
1003 4504 1037 4533 =
1055 4484 1185 4536 ecelesias
1197 4495 1263 4549 puae

134 4569 178 4622 vlt
191 4578 217 4622 et
230 4568 286 4622 lllll
303 4573 334 4626 lo
350 4573 475 4626 ataertm
491 4572 556 4624 soni
570 4572 686 4639 epiceopi
712 4585 812 4622 nereus
839 4571 972 4624 Orientem
1001 4571 1079 4623 nolio
1106 4583 1156 4621 rau
1185 4569 1263 4621 nolio

132 4654 350 4710 Antiochenorun
387 4657 466 4711 rerba
507 4655 563 4708 beri
604 4661 684 4721 putet.
712 4656 818 4710 sirim
834 4665 907 4710 eost

131 4742 246 4813 Ignatius
264 4744 332 4795 onim
352 4761 403 4797 non
422 4743 537 4796 donoro
551 4741 685 4809 episcopo,
747 4740 776 4808 ll)
795 4739 831 4793 lta
849 4740 986 4811 legendum
1005 4756 1062 4794 com
1080 4737 1179 4791 liolteo.
1216 4733 1261 4788 tte.

132 4829 179 4883 sed
197 4829 232 4883 do
250 4829 357 4898 legatis,
386 4845 400 4881 ι
420 4834 546 4900 plurilus
563 4829 686 4883 eoelestia
712 4823 847 4890 δοξασθῆιι
863 4827 960 4895 αἰωνίῳ,

131 4915 297 4971 Antiochiam
315 4915 443 4970 mittendis
460 4916 579 4985 loquitur.

985 5001 1055 5069 tu·
