3067 6450
329 1179 467 1235 ttsstttbtb
485 1179 619 1235 t’ttsroa.
655 1180 752 1234 LIBER
771 1180 800 1234 ΙΙ.
838 1180 985 1236 nabunt.
1004 1184 1057 1238 xtt
1195 1189 1258 1256 373

123 1345 199 1430 jecti
223 1342 334 1406 suerint
357 1341 506 1424 cupiditati
530 1341 633 1421 maiae,
657 1343 685 1404 in
708 1352 884 1425 perpetuum
902 1346 1082 1422 morientur;
1106 1348 1259 1412 mortifera

129 1452 209 1514 enim
227 1455 273 1512 est
288 1448 363 1510 hacc
379 1448 522 1529 cupiditas
539 1448 622 1509 mala.
657 1448 699 1510 Tu
718 1467 795 1532 ergo
809 1448 899 1511 indue
912 1451 1102 1531 cupiditatem
1116 1452 1258 1533 justitiae,

130 1561 161 1619 et
184 1559 313 1616 armatus
337 1556 442 1615 timore
458 1553 584 1632 Domini,
606 1553 714 1615 resiste
731 1552 882 1634 cupiditati
905 1556 1008 1618 malac.
1054 1556 1156 1618 Timor
1180 1557 1257 1619 enim

129 1659 293 1722 habitatin
316 1657 477 1739 cupiditate
501 1658 587 1721 bona.
634 1657 669 1718 Et
693 1658 837 1738 cupiditas
861 1659 953 1737 mala,
985 1679 1073 1742 quum
1099 1660 1205 1722 viderit
1229 1668 1259 1724 te

130 1771 273 1827 armatum
298 1763 404 1826 timore
427 1762 555 1841 Domini,
579 1763 768 1824 resistentem
792 1764 864 1843 sibi,
890 1764 984 1847 fugiet
1007 1785 1023 1826 a
1046 1772 1076 1826 te
1099 1764 1206 1845 longe,
1231 1772 1262 1828 et

130 1888 193 1932 non
216 1867 400 1950 comparebit
423 1873 491 1929 ante
515 1874 553 1946 te,
578 1868 682 1928 timens
699 1886 779 1929 arma
797 1876 856 1946 tua,
880 1875 910 1930 et
932 1869 1079 1932 obtinebis
1096 1869 1260 1947 victoriam,

131 1982 162 2039 et
185 1973 382 2037 coronaberis
406 1974 443 2034 ob
467 1972 555 2050 itiam,
580 1978 609 2032 ct
632 1973 793 2053 pervenies
817 1974 853 2036 ad
878 1974 1065 2056 cupiditatem
1088 1976 1206 2053 bonam,
1230 1981 1261 2036 et

130 2080 233 2143 trades
256 2079 407 2142 victoriam
432 2078 513 2157 Deo,
538 2097 624 2158 quam
648 2079 820 2158 acceperis,
851 2085 880 2140 et
902 2080 1018 2141 servies
1042 2080 1070 2142 ei
1093 2080 1260 2162 operando,

130 2187 209 2249 sicut
233 2185 297 2265 ipse
322 2182 461 2245 volueris.

135 2280 222 2353 ¹'Eaa
243 2284 278 2351 δὲ
301 2278 472 2371 duodeciens
499 2285 541 2371 τῇ
566 2281 683 2349 inadu—
715 2286 771 2351 'Si
802 2295 900 2351 autem
933 2291 1077 2353 servieris
1109 2289 1261 2373 cupiditati

129 2389 190 2478 μίᾳ
218 2391 258 2478 τῇ
286 2382 408 2478 ἀγαθῇ,
438 2387 491 2454 καὶ
523 2381 685 2476 inurenda
710 2394 825 2470 bonae,
864 2401 894 2455 et
924 2395 1058 2457 subditus
1090 2397 1117 2457 ei
1148 2393 1259 2470 fueris3

131 2490 230 2584 αὐτῇ,
276 2485 407 2561 δύνασαι
444 2495 682 2581 κατακυριιῦσαι
710 2499 824 2580 poteris
849 2498 993 2562 dominari
1023 2518 1115 2580 super
1139 2499 1259 2581 cupidi·

131 2604 190 2689 τῆς
204 2595 382 2681 ἐπιθυμίας
398 2599 617 2687 τῆςπονηρᾶς,
632 2596 684 2662 καὶ
712 2609 799 2665 tatem
816 2605 929 2681 maiam,
950 2612 979 2666 et
996 2605 1051 2666 crit
1066 2603 1180 2666 subdita
1197 2604 1260 2682 tibi,

134 2698 295 2786 ὑποτάξαι
311 2699 413 2791 αὐτήν,
435 2698 548 2779 καθώς
564 2696 683 2784 ttm'dar.
710 2708 788 2771 sicui
810 2708 973 2771 volucris.“
1075 2696 1082 2707 ¹

179 2803 336 2876 dianam
350 2810 470 2896 peninon,
487 2806 594 2884 ποίοις
607 2801 682 2896 τρό-
754 2811 800 2875 lll.
835 2809 994 2890 ²„Veilem
1016 2814 1105 2893 scire,
1131 2811 1260 2894 dominc,

133 2938 211 2992 ποις
233 2915 286 2980 δεῖ
306 2938 347 2997 με
366 2914 533 2979 δουλεῦσαι
551 2921 591 3001 τῇ
611 2913 680 2979 ἐπι·
709 2934 769 2996 quo
787 2915 875 2979 modo
892 2919 1009 2981 servire
1026 2919 1150 2981 debeam
1172 2920 1260 3000 cupi·

134 3017 242 3106 θομίᾳ
263 3027 303 3108 τῇ
324 3011 442 3107 οἷγοιθῇ.
479 3011 610 3084 Ἄκουε·
633 3015 682 3104 ἔρ·
710 3018 791 3080 ditati
814 3021 941 3082 bonae.“
990 3021 1119 3100 ,dudt‚“
1147 3023 1258 3103 inquit:

135 3148 230 3214 panon
262 3117 455 3211 drucaooiana
487 3123 541 3189 καὶ
574 3116 685 3212 α’ρετῆν
711 3121 806 3201 „tabe
831 3125 965 3185 timorem
986 3124 1041 3186 Dei
1065 3133 1096 3186 et
1119 3125 1206 3186 iidem
1230 3124 1260 3186 in

135 3228 309 3318 aliq-being,
344 3230 398 3295 καὶ
430 3222 535 3320 φόβον
566 3229 684 3318 κυρίου,
710 3227 785 3305 beo,
808 3234 836 3289 et
853 3230 1005 3290 veritatem
1022 3248 1095 3308 ama,
1121 3228 1259 3312 otjusti-

132 3336 186 3403 καὶ
202 3334 319 3415 πίστιν,
335 3334 385 3402 καὶ
402 3333 533 3423 oiyoiarrpa
578 3341 685 3399 Ταῦτα
709 3332 777 3392 iiam
794 3332 893 3415 dilige,
910 3339 940 3394 ct
956 3332 1002 3394 iac
1020 3333 1139 3395 bouum.
1179 3333 1260 3396 Haec

133 3440 338 3533 ἐργαζόμενος
352 3434 520 3530 εὐάρεστος
536 3435 592 3527 ἔσῃ
609 3440 683 3505 δοῦ·
709 3437 862 3519 operando
892 3438 1035 3518 probatus
1067 3438 1126 3499 cris
1151 3454 1259 3500 servus

134 3550 191 3625 λος
217 3548 310 3612 Θεοῦ.
335 3584 376 3593 -
709 3542 836 3620 Domini,
858 3549 887 3605 et
901 3544 1018 3605 servies
1035 3543 1116 3619 De0;
1142 3549 1171 3605 et
1190 3561 1260 3605 om·

712 3666 775 3725 nes,
799 3649 977 3729 quicumque
995 3648 1155 3709 servierint
1172 3646 1260 3727 cupi-

135 3756 232 3823 3Καὶ
262 3752 448 3830 συντελέσας
477 3753 534 3830 τὰς
562 3751 685 3818 δώδεκα
711 3753 792 3814 ditati
805 3754 912 3828 bonae,
925 3750 1128 3814 viventbeo.“
1153 3747 1260 3812 ³Con-

134 3860 254 3938 ταύτας
275 3857 404 3935 ἐντολάς
425 3858 525 3944 λέγει·
551 3897 592 3907 -
622 3882 684 3923 πο·
711 3858 861 3922 summatis
878 3857 923 3918 bis
940 3855 1084 3917 mandatis
1102 3852 1259 3917 duodecim

134 3960 231 4057 parion
253 3963 285 4032 ἐν
299 3971 371 4040 ταῖς
387 3962 531 4041 ἐντολαῖς
547 3963 686 4043 τούτοις,
712 3962 784 4024 dixit
800 3962 883 4023 mihi:
902 3960 1013 4040 ,habes
1027 3958 1101 4022 haec
1115 3959 1261 4040 mandata,

134 4072 187 4138 ani
212 4068 387 4159 παρακάλει
402 4067 452 4134 καὶ
467 4068 541 4145 τούς
556 4066 686 4136 α’κοὺον-
712 4068 826 4129 ambuia
844 4069 872 4129 in
890 4066 950 4143 bis3
975 4072 1003 4126 ct
1026 4063 1181 4128 audientes
1200 4065 1261 4129 bo-

134 4201 194 4254 τας
217 4164 419 4264 πορεύεσθαι
441 4172 472 4239 ἐν
495 4166 613 4253 αὐτοῖς,
636 4170 687 4237 ἵνα
712 4174 807 4233 mines
831 4170 966 4247 hortare,
994 4177 1025 4230 ut
1048 4170 1261 4250 poenitentiam

135 4274 330 4371 ἡμετάιοια
352 4272 454 4345 αὐτῶν
475 4274 604 4366 καθαροὶ
634 4276 685 4364 pe'-
712 4283 820 4358 agant,
865 4281 894 4335 ct
932 4274 1113 4355 poenitentia
1157 4292 1262 4337 eorum

134 4412 227 4475 νηται
249 4385 306 4461 τοῖς
337 4378 455 4461 λοιπὰς
484 4377 604 4472 ἡμέρας
632 4384 687 4469 τῆς
713 4378 819 4442 munda
841 4377 889 4440 iiat
910 4378 1032 4459 reliquis
1053 4377 1158 4443 diebus
1182 4380 1262 4441 vitae

135 4492 219 4579 ζωῆς
241 4488 353 4556 αὐτῶν.
712 4489 827 4549 ¹eorum.

136 4602 173 4665 Et
196 4599 390 4663 ministerium
414 4597 480 4675 boc,
505 4594 583 4678 quod
608 4595 658 4657 tibi
681 4594 730 4674 do,
755 4590 870 4673 explica
891 4588 1067 4672 diligentem
1091 4593 1121 4648 et
1140 4584 1262 4648 muitum

137 4704 335 4785 consequeris
352 4702 487 4780 trucium,
512 4708 542 4763 ct
558 4700 693 4762 invenies
709 4698 833 4780 gratiam
849 4694 926 4776 apud
945 4708 1058 4769 omnes,
1082 4692 1130 4771 qui
1151 4690 1261 4771 poeui-

129 5006 131 5010 ,
173 4950 203 5014 1)
218 4947 322 5000 ibidem.
749 4940 779 5007 3)
798 4936 837 4989 Ex
857 4941 947 4992 bacar.
972 4935 1006 4987 cd
1031 4932 1150 4985 dntiocb
1175 4946 1199 4982 n.
1219 4928 1261 4982 13.

173 5037 205 5105 2)
224 5034 262 5087 Ex
281 5040 369 5089 doctr.
390 5036 423 5087 od
442 5034 560 5088 Antinoi.
582 5032 597 5083 Ι.
618 5049 639 5084 c.
713 5046 737 5098 p.
756 5026 816 5078 259.
