3067 6450
366 1164 559 1240 ninrmruu
577 1183 603 1237 s.
623 1182 812 1238 romonum.
831 1183 862 1237 n.
882 1182 924 1238 nr.
942 1183 984 1237 rr.
1004 1184 1034 1238 v.
1199 1187 1264 1252 27⁷

136 1347 194 1412 sed
222 1348 283 1431 jam
315 1348 414 1432 angeli
445 1353 556 1409 essent.
602 1344 741 1411 Similiter
774 1345 825 1425 qui
857 1343 894 1407 ad
926 1346 1037 1407 bestias
1071 1353 1155 1408 erant
1186 1366 1264 1410 con-

137 1451 279 1530 demnati,
302 1471 412 1536 graves
436 1451 583 1514 cruciatus
611 1449 828 1533 ¹pertulerunl,
852 1469 944 1532 super
966 1453 1093 1513 murices
1115 1453 1264 1532 prostrati,

137 1557 290 1637 variisque
309 1556 373 1617 aliis
389 1555 544 1617 tormentis
561 1554 732 1630 excruciati,
755 1560 795 1631 ut,
818 1555 844 1615 si
860 1554 924 1616 lieri
944 1557 1098 1635 potuisset,
1121 1561 1264 1637 tyrannus

136 1677 193 1723 eos
218 1659 388 1721 assiduitate
411 1657 547 1742 supplicii
570 1657 605 1719 ad
628 1660 818 1741 negationem
842 1659 949 1722 Christi
972 1660 1154 1724 adduxisset.

195 1850 241 1913 lll.
289 1850 466 1913 Germanici
489 1849 676 1914 constantio.
721 1848 888 1930 Polycarpi
910 1869 995 1913 mors
1013 1852 1203 1929 postulatur.

226 1973 313 2036 llulta
344 1974 422 2034 enirn
453 1971 597 2033 adversus
629 1972 697 2032 illos
730 1971 864 2034 diabolus
893 1973 1074 2036 machinatus
1103 1980 1157 2034 est.
1203 1971 1262 2036 Sed

135 2079 233 2162 gralia
256 2080 293 2139 sit
315 2077 399 2152 Deo;
432 2095 498 2138 nam
522 2076 668 2137 neminem
693 2075 750 2137 isle
773 2077 895 2137 vincere
925 2078 1027 2157 potuit.
1073 2077 1263 2138 Fortissimus

136 2185 215 2245 enim
240 2179 461 2244 ²Germanicus
494 2198 598 2242 eorum
630 2180 810 2242 timiditatem
842 2184 1006 2244 constantia
1033 2200 1086 2245 sua
1110 2183 1262 2244 corrobo-

133 2289 229 2362 ravit;
259 2288 366 2368 quippe
391 2285 440 2366 qui
463 2283 619 2366 splendide
643 2305 709 2347 curn
733 2285 835 2346 bestiis
860 2287 1044 2366 pugnaverit.
1090 2286 1164 2347 Narn
1195 2304 1263 2348 curu

136 2388 324 2472 ³proconsul
342 2408 407 2452 eum
425 2387 547 2451 ilectere
564 2390 652 2452 vellet
670 2386 878 2469 *diceretque
902 2397 933 2451 ut
955 2409 1037 2452 suam
1055 2392 1119 2470 ipse
1137 2396 1262 2453 oetatem

134 2497 344 2571 miseraretur,
375 2494 425 2555 ille
448 2493 571 2554 bestiam
595 2494 671 2555 ultro
695 2493 731 2555 ad
755 2512 791 2555 se
814 2498 933 2556 attraxit
963 2496 1050 2574 eique
1076 2497 1133 2556 vim
1157 2494 1262 2570 intulit,

134 2600 260 2680 cupiens
293 2598 427 2659 velocius
460 2616 500 2659 ex
533 2598 640 2678 injusta
676 2605 706 2659 et
739 2600 838 2679 iniqua
872 2599 986 2661 illorum
1019 2599 1168 2661 lrorninnm
1203 2599 1262 2660 vila

135 2704 281 2785 effingere.
326 2702 442 2764 Exinde
465 2708 562 2764 autern
586 2705 726 2765 universa
751 2702 915 2781 multitudo,
939 2702 1140 2766 fortitudinem
1162 2703 1201 2784 pii
1225 2719 1261 2764 ao

133 2807 271 2889 religiosi
306 2805 538 2868 Christianorum
576 2811 697 2889 generis
734 2807 920 2890 ⁵adniiratu,
959 2809 1150 2872 exclamavit:
1188 2807 1261 2869 tolle

134 2915 267 2995 impios,·
289 2912 484 2995 Polycarpum
506 2915 707 2992 requiratur!

496 3103 543 3166 lv.
593 3105 724 3180 Ouinius
747 3112 902 3184 apostata.

223 3222 347 3297 Quidam
371 3242 463 3303 vero,
486 3228 606 3289 nomine
630 3229 773 3305 Quintus,
805 3228 926 3288 natione
948 3224 1064 3305 Phryx,
1090 3224 1140 3303 qui
1164 3240 1260 3301 nuper

134 3346 176 3390 ex
197 3328 324 3411 Phrygia
345 3329 522 3409 advenerat,
555 3350 622 3393 curn
654 3332 775 3394 vidisset
806 3333 934 3409 bestius,
966 3330 1071 3391 timore
1103 3327 1259 3409 perculsus

133 3441 191 3494 est.
236 3433 291 3495 llio
313 3441 411 3495 aulem
436 3442 508 3513 erat,
533 3437 582 3517 qui
606 3439 758 3520 seipsum
782 3444 811 3498 et
834 3437 908 3498 alios
928 3434 1071 3516 qiiosdam
1088 3418 1258 3511 impulerat,

131 3545 164 3599 ut
196 3532 301 3599 ⁶ultro
335 3539 521 3601 accederent.
566 3541 639 3603 iluio
671 3542 834 3623 proconsul
870 3540 966 3601 multis
1002 3536 1258 3599 obsecrationibus

132 3643 282 3723 persuasit
299 3643 405 3723 jurare
428 3662 463 3705 ac
485 3646 663 3708 sacrificare.
709 3648 836 3725 Propter
857 3645 915 3706 lroc
935 3645 1034 3725 igilur,
1059 3640 1173 3714 iratres,
1198 3655 1259 3699 non

131 3745 287 3807 laudamus
319 3764 389 3824 eoa,
421 3750 469 3828 qul
493 3756 600 3830 sponte
625 3745 721 3813 'sese
749 3749 896 3823 oilerunt;
929 3745 1169 3828 quandoquidem
1198 3758 1258 3804 non

133 3850 173 3910 itu
197 3844 316 3913 ‘’docel
337 3850 540 3935 Evangelium.

406 4043 440 4106 V.
485 4043 655 4127 Polycarpi
677 4063 819 4107 secessus
842 4052 872 4106 et
893 4043 985 4106 cisio.

221 4163 403 4247 Polycarpus
436 4172 551 4245 autem,
585 4168 632 4228 vir
665 4169 792 4228 maxime
822 4164 1019 4241 admirabilis,
1051 4162 1192 4244 primum,
1224 4178 1259 4223 ro

132 4265 232 4329 auditu
258 4286 317 4330 non
342 4269 485 4347 turbatus,
508 4272 536 4331 in
561 4272 635 4333 urbe
651 4289 828 4353 permanere
849 4268 986 4343 volebut;
1011 4268 1145 4349 plerique
1161 4273 1258 4327 tamen

132 4373 161 4434 ei
177 4379 401 4453 persuaserunt,
423 4383 455 4436 ul
471 4375 638 4437 secederet.
683 4374 718 4436 Et
734 4374 861 4437 secessit
880 4374 908 4435 in
926 4373 1032 4449 villam,
1056 4391 1115 4435 non
1138 4371 1257 4432 multum

132 4476 169 4538 ab
200 4477 275 4539 urbe
307 4477 455 4555 dissitam
486 4480 536 4541 ubi
559 4498 625 4541 curn
648 4480 751 4560 paucis
776 4472 924 4555 ⁹mansit,
955 4475 1005 4539 diu
1037 4482 1187 4555 noctuque
1216 4470 1258 4534 nil

166 4660 195 4726 7)
216 4661 260 4715 lli.
284 4661 426 4730 προσιόντας
450 4662 549 4723 ἑαυτοῖς.
584 4665 798 4729 Jacob-liupana
828 4666 859 4718 nd
890 4666 963 4717 eliam
993 4666 1119 4716 civitatem
1158 4659 1254 4725 (ilattln

131 4764 209 4801 ¹⁰⁰¹¹⁸
228 4749 290 4818 ¹⁰8st
307 4747 467 4817 προδιδόντας
485 4749 571 4809 levric.
606 4753 681 4806 ll'olte
710 4754 750 4816 ill,
764 4754 835 4822 23.);
855 4756 887 4804 ita
902 4762 997 4815 tumen,
1016 4762 1052 4813 ut,
1071 4753 1090 4801 si
1105 4747 1192 4815 lugere
1206 4762 1259 4798 non

132 4835 236 4902 ⁰⁰⁰ll⁶¹⁸
254 4841 393 4901 ''tm'mt
409 4834 501 4900 lavile,
525 4855 582 4891 Μ
607 4858 680 4907 προς-
708 4839 794 4904 liceut,
813 4836 1151 4891 morseonstanterlerntur.
1178 4836 1255 4884 Cirr.

132 4924 182 4986 iqui
200 4943 234 4973 =
254 4926 370 4989 mittere,
390 4926 499 4977 trudere.
742 4926 772 4992 9)
798 4926 833 4977 liu
861 4924 1017 4976 Jacobsonua
1047 4937 1062 4974 e
1090 4920 1146 4972 cod.
1175 4919 1254 4972 Puris.

166 5009 197 5077 8)
217 5009 294 5063 lubet
311 5013 378 5062 enim
402 5014 486 5079 potius
504 5010 680 5082 Euangeliou,
708 5012 789 5064 Editi:
809 5012 894 5079 ἔτριβε.
