3067 6450
311 1181 434 1238 ronnrn
452 1181 611 1238 uersuum
630 1183 675 1237 nn
696 1183 924 1239 ronrcnneuu.
942 1184 985 1240 nu
1004 1162 1050 1240 m(
1066 1186 1096 1240 v.
1203 1189 1267 1255 239

140 1347 240 1412 omnin
264 1347 412 1409 sustinere
437 1363 492 1409 nos
517 1353 644 1428 oportet,
668 1351 744 1410 utet
761 1347 824 1429 ipse
842 1348 1065 1412 nossustineut.
1100 1348 1269 1413 studiosior
1328 1414 1333 1425 ,

139 1454 212 1533 lius,
235 1472 323 1535 quam
347 1471 389 1515 es.
437 1455 606 1536 'Tempora
628 1454 791 1536 perpende.
836 1452 926 1531 Eum,
955 1455 1005 1534 qui
1029 1450 1129 1515 ²uitrn
1153 1461 1267 1534 ternpus

139 1566 202 1638 est,
228 1565 386 1639 exspecto,
410 1558 650 1640 intemporalem,
674 1557 860 1636 invisibilem,
884 1565 1007 1639 propter
1033 1576 1088 1621 nos
1111 1557 1267 1638 visibilem,

139 1662 399 1746 ³impulpnbilem,
430 1663 638 1744 impetibilem,
670 1669 794 1745 propter
824 1680 878 1725 nos
910 1661 1076 1744 patibilem,
1109 1663 1157 1744 qui
1188 1664 1267 1726 omni

138 1770 230 1833 modo
253 1774 376 1853 propter
400 1786 456 1832 nos
478 1769 626 1830 sustinuit.

549 1959 595 2023 lV,
643 1958 853 2022 continuatio.

227 2081 341 2146 Viduue
364 2100 402 2145 ne
425 2083 623 2165 negligantur.
668 2080 763 2145 ⁴Post
785 2081 940 2145 Donunum
962 2086 993 2142 lu
1017 2097 1117 2142 eurum
1148 2085 1268 2143 curator

137 2190 190 2251 sis.
236 2187 314 2250 Nihil
337 2188 402 2249 sine
428 2195 475 2249 tuo
499 2189 649 2251 voluntate
673 2186 738 2267 liet,
766 2205 864 2268 neque
888 2193 918 2248 tu
942 2185 1099 2266 quidquem
1124 2185 1189 2247 sine
1212 2184 1267 2246 Dei

139 2290 318 2357 ⁵voluntate
341 2310 413 2375 ugos
422 2312 431 2369 3
462 2292 542 2374 qnod
567 2310 623 2354 nec
647 2291 738 2371 lacis,
762 2287 878 2373 ⁶quum
902 2291 944 2352 sis
968 2297 1116 2353 constans.
1165 2283 1267 2352 'Cre-

138 2399 222 2462 brius
246 2404 411 2461 conventus
433 2396 512 2459 dant.
557 2397 734 2460 Nominntim
758 2415 863 2459 omnes
886 2388 1031 2476 ⁸quaere.
1078 2389 1214 2459 ⁹Servos
1238 2399 1269 2456 et

138 2502 261 2566 ancillas
285 2521 323 2565 ne
346 2509 536 2579 contemnam
559 2502 613 2564 sed
640 2521 695 2564 nec
719 2502 774 2584 ipsi
797 2501 979 2583 superbiunt,
1007 2517 1110 2562 verum
1133 2499 1170 2562 nd
1194 2499 1267 2582 glu-

137 2611 213 2672 rism
238 2609 293 2670 Dei
315 2609 381 2692 plus
405 2609 554 2688 serviunt,
585 2616 617 2671 ut
646 2608 792 2690 potiorem
823 2607 986 2670 libertatem
1017 2605 1121 2667 alico
1153 2621 1272 2666 conse--

137 2720 276 2796 quantur.
321 2713 387 2777 Non
419 2713 605 2790 desiderent,
640 2714 844 2776 communibus
877 2712 1040 2794 sumptibus
1072 2728 1090 2773 e
1122 2710 1267 2774 servitute

138 2819 255 2900 redimi,
278 2837 316 2882 ne
339 2820 419 2882 serui
444 2819 633 2882 inveniuntur
654 2818 829 2902 cupiditatis.

190 3012 224 3074 V.
274 3011 357 3088 Ouid
379 3014 538 3092 conjuges,
564 3010 708 3088 coelibes,
732 3029 867 3089 sponsos
890 3016 1013 3072 moneat
1036 3007 1211 3086 episcopus.

229 3129 256 3171 ¹⁰
270 3133 361 3196 blalns
384 3141 463 3199 artes
489 3134 578 3218 luge;
610 3134 705 3215 mogis
735 3139 833 3196 autem
865 3132 902 3194 de
932 3131 988 3194 illis
1022 3148 1122 3192 corum
1153 3125 1264 3208 populo

142 3237 165 3276 ¹¹
178 3240 311 3320 toquere
350 3241 509 3304 Sororibus
531 3241 605 3303 meis
625 3240 725 3318 dicito,
749 3246 780 3302 ut
795 3239 951 3301 Dominum
971 3242 1079 3313 ament,
1103 3239 1132 3295 et
1153 3232 1265 3294 meritis

139 3350 299 3406 contentae
331 3345 390 3406 sint
423 3364 513 3429 corne
547 3364 581 3407 oc
615 3346 728 3425 spiritu.
782 3343 920 3408 Similiter
954 3349 984 3403 et
1016 3339 1155 3402 fratribus
1190 3334 1264 3397 meis

138 3447 247 3510 munde
283 3448 314 3512 in
350 3450 469 3512 nomine
501 3449 576 3512 lesu
610 3451 736 3528 Christi,
775 3456 807 3512 ut
845 3448 967 3532 diligant
1004 3444 1152 3527 conjuges
1193 3456 1265 3503 suos

143 3551 255 3616 ¹²sicut
276 3554 418 3618 Dominus
442 3554 606 3618 ecclesiam.
652 3556 682 3620 Si
705 3554 772 3636 quis
795 3561 894 3634 potest
915 3553 945 3614 in
973 3551 1107 3613 castitate
1133 3562 1265 3622 munere,

139 3656 178 3719 nd
210 3657 355 3723 bonorem
385 3661 467 3743 ejus,
501 3662 550 3741 qui
589 3658 613 3700 ¹³
627 3662 771 3723 Dominus
805 3667 851 3722 est
885 3658 1001 3736 carnis,
1040 3656 1069 3716 in
1104 3650 1266 3715 bumilitate

161 3814 207 3882 10)
226 3813 245 3866 l.
263 3831 287 3867 ο.
306 3815 384 3868 meles
403 3816 542 3879 doctrines,
561 3814 690 3880 haereses,
718 3816 794 3865 etiem
814 3815 839 3865 in
857 3811 987 3864 veteribus
1005 3806 1164 3861 versionibus
1188 3804 1266 3858 latine

141 3918 189 3955 nen
217 3904 321 3971 negotis
349 3920 416 3973 guno
443 3902 612 3956 Christianum
640 3918 691 3954 non
719 3910 745 3951 et
763 3900 867 3967 Syriaca
885 3914 936 3950 non
955 3898 1104 3965 reperietur,
1123 3910 1190 3948 nunc
1209 3906 1266 3945 enm

142 3990 243 4042 decent.
275 3989 325 4042 Cir.
344 3987 398 4060 lgn.
417 3990 450 4044 nd
463 3988 620 4057 Pbilndelpb.
639 3991 691 4041 eu
719 3989 882 4040 omittendum
901 3988 997 4054 putavi.

143 4086 169 4128 et
189 4080 312 4142 Curetum,
333 4077 407 4150 Cnrp.
421 4076 474 4145 ign.
494 4093 519 4144 p.
532 4078 591 4127 272.
624 4079 690 4131 Utit-
738 4075 782 4136 12)
801 4073 895 4140 Ephes.
914 4074 939 4136 5,
959 4072 1001 4124 25.

141 4168 247 4219 toruus
264 4163 280 4215 l
300 4180 323 4217 ο.
340 4181 367 4232 p.
381 4165 415 4215 26
434 4167 523 4216 uertit:
542 4166 617 4230 „llio
633 4164 690 4232 sul·
737 4160 820 4228 13)1.
841 4176 865 4210 e.
883 4162 956 4226 eius,
977 4160 1020 4229 gui
1039 4174 1153 4227 corpore
1172 4164 1266 4208 nostru

142 4255 224 4305 erden
249 4255 416 4306 liedelcninste
441 4254 536 4322 fliete,
565 4252 693 4304 vicineti·
718 4251 873 4309 resuscitat,
891 4256 915 4300 et
934 4246 1015 4311 cuiue
1027 4248 1142 4297 membra
1155 4259 1267 4309 corpora

141 4341 206 4392 rede
229 4356 281 4393 nou
305 4342 415 4393 rotem
432 4336 559 4409 θέωμεν(
584 4351 649 4403 queo
667 4337 692 4385 in
718 4347 813 4388 nostru
834 4342 906 4386 runt.
944 4331 995 4382 Cir.
1014 4328 1096 4381 lCor.
1117 4331 1143 4394 6,
1166 4329 1204 4380 tl.
1224 4327 1265 4377 15.

143 4425 309 4493 sequentibus
327 4433 454 4491 notentur,
473 4440 497 4476 ο.
515 4439 541 4492 g.
562 4422 692 4475 sororibus
718 4426 861 4473 Junonson.
902 4415 1048 4469 lectionem
1075 4422 1185 4466 nostram
1218 4413 1267 4464 de·

142 4515 209 4564 meir
228 4512 305 4565 dicitu
324 4520 372 4564 etc.
720 4507 799 4559 tendit
814 4508 930 4560 ultum
949 4504 963 4556 Ι.
977 4520 999 4554 c.
1020 4521 1045 4571 p.
1061 4500 1101 4551 l8.
1138 4497 1186 4549 Atti
1205 4495 1266 4547 red·

164 4599 209 4661 ll)
227 4598 245 4650 l.
265 4614 288 4651 ο.
308 4603 459 4669 frequenter
482 4600 617 4652 erutiones
643 4612 691 4648 su·
719 4594 794 4645 dunt:
813 4595 846 4645 nd
864 4596 988 4645 bonorem
1007 4591 1099 4642 cumis
1112 4586 1266 4637 dominicae.

143 4690 319 4757 remmota
343 4690 374 4740 ds
397 4689 440 4740 lic
464 4688 544 4738 mulir
562 4684 693 4737 doctrinis
720 4678 777 4731 Puri
795 4678 870 4730 modo
895 4679 971 4729 otium
991 4675 1069 4739 Syrus
1090 4678 1116 4722 et
1133 4667 1267 4720 Armenius

143 4776 296 4827 luduntur.
333 4770 397 4825 otim
425 4787 481 4823 curn
508 4769 693 4836 lnterpolntoro
720 4774 832 4829 uertunt,
851 4781 883 4818 nc
900 4767 921 4816 si
939 4762 1074 4831 legissent:
1094 4756 1126 4813 εἷς
1143 4751 1214 4816 reple
1229 4754 1268 4815 τῆς

143 4859 212 4925 legit
240 4854 336 4920 ὁμιλίαν
358 4855 393 4923 μή
414 4860 493 4907 ποιοῦ.
529 4855 611 4919 Quum
631 4870 693 4907 veto
719 4848 803 4919 σαρκός
820 4854 864 4901 τοῦ
880 4853 967 4916 κυρίου.
1002 4849 1076 4902 Nulla
1095 4840 1212 4906 conjicit:
1236 4836 1268 4895 ele

143 4945 267 5014 perticula
288 4946 408 5014 negative
427 4959 478 4996 non
498 4943 579 4995 nolum
599 4944 624 4994 in
646 4956 694 4994 eu·
720 4936 791 5001 τιμὴν
809 4937 963 5003 redemtori,
987 4936 1026 4996 τῆς
1043 4927 1125 4998 σαρκός
1147 4925 1173 4976 ir
1189 4921 1268 4976 ienu-

144 5033 204 5085 dice
232 5031 348 5087 llediceu
377 5038 472 5101 (textus
497 5031 614 5100 groeci),
647 5027 692 5082 ud
719 5028 793 5110 ppulo
809 5028 909 5090 parire.
