3067 6450
405 1142 425 1200 t
444 1141 628 1198 annuus
647 1143 693 1198 AD
713 1143 788 1200 COR.
808 1144 891 1200 xtvt.
909 1145 1003 1202 XLVII.
1022 1147 1129 1206 nvm.
1269 1155 1331 1222 119

199 1311 384 1388 poneretur,
407 1313 438 1368 et
459 1305 688 1388 demerperetur
710 1308 744 1369 in
766 1326 862 1386 mare,
887 1327 980 1389 qaum
994 1318 1029 1373 ut
1042 1330 1136 1374 unum
1152 1313 1191 1375 de
1200 1316 1331 1395 pusillis

203 1412 280 1474 meir
303 1411 548 1473 scandalizaret.
594 1410 725 1475 Schisma
749 1419 880 1476 vestrum
904 1416 1013 1478 multos
1036 1420 1196 1497 pervertit,
1224 1421 1331 1484 multos

203 1519 233 1580 in
256 1517 346 1578 eulmi
369 1515 583 1597 dejectionem,
614 1518 721 1580 multos
751 1520 781 1580 in
811 1519 1044 1598 vacillationem,
1077 1540 1182 1585 omnes
1214 1542 1271 1587 nos
1300 1526 1329 1588 in

202 1622 351 1684 tristitiem
373 1623 511 1703 conjecit,
535 1638 592 1684 nos
615 1640 719 1685 omnes
743 1641 884 1686 moerore
908 1623 1021 1700 allecte
1047 1632 1077 1688 et
1100 1626 1197 1690 adhuc
1220 1629 1328 1695 seditio

202 1733 306 1788 vestra
329 1727 469 1807 persIstit.

201 1916 313 1980 XLVII.
357 1916 534 1980 Discordia
555 1925 662 1981 cestra
683 1937 793 1981 recens
813 1921 908 1998 peJor
931 1926 979 1980 est
997 1919 1114 1998 priori,
1137 1939 1216 2002 quae
1237 1924 1330 1987 Pauli

623 2024 814 2101 temporibus
839 2023 912 2101 suit.

296 2139 483 2224 ¹Epistolnm
514 2143 593 2205 beuti
623 2145 704 2207 l’nnli
727 2144 866 2226 Apostoli
897 2145 926 2207 in
956 2162 1059 2208 munus
1088 2147 1206 2210 sumite.
1252 2148 1328 2223 Quid
1411 2172 1421 2179 ·

201 2248 328 2328 primum
351 2247 436 2310 vohis
460 2248 490 2310 in
513 2243 686 2328 ’principio
710 2247 865 2329 Evangelii
889 2250 1032 2330 scripsit?
1077 2250 1165 2312 Certe
1189 2251 1328 2315 divinitus

201 2351 362 2431 Inspirutus
385 2351 423 2413 de
445 2353 565 2433 selpso,
596 2351 634 2413 de
657 2353 756 2434 Cepha
780 2360 810 2414 et
832 2354 940 2434 Apollo
972 2353 1009 2414 ud
1034 2372 1089 2416 vos
1111 2356 1212 2417 literas
1236 2355 1327 2436 dedit,

201 2457 271 2535 quie
294 2456 463 2517 etiamtum
492 2457 569 2519 inter
598 2474 653 2519 vos
683 2455 828 2519 luctIoncs
859 2464 889 2519 et
917 2461 1042 2540 portium
1070 2460 1167 2522 studio
1199 2458 1326 2524 luerunt.

200 2560 262 2627 Sed
294 2559 383 2622 lectio
413 2560 468 2622 istu
492 2558 616 2623 8miuus
646 2561 732 2623 vobis
764 2563 857 2625 intulit
889 2571 1042 2643 peecatum
1051 2585 1061 2640 3
1094 2565 1326 2647 propendebutin

200 2664 282 2727 enim
304 2664 334 2725 in
357 2662 521 2746 Apostolos
543 2665 699 2746 praeclaro
723 2668 892 2730 testimomo
914 2669 1060 2747 celebres,
1085 2674 1113 2730 et
1129 2671 1159 2731 in
1175 2671 1270 2732 virum
1287 2671 1323 2732 ub

200 2770 259 2832 illis
282 2769 446 2850 probatum.
491 2770 578 2832 Nunc
601 2788 690 2849 vero,
721 2773 770 2853 qui
794 2774 868 2849 sim,
901 2773 950 2853 qui
972 2790 1029 2834 nos
1052 2775 1268 2854 perverterint,
1297 2779 1328 2836 et

200 2870 454 2935 ‘nominatissimi
477 2875 587 2937 amoris
611 2875 703 2937 vestri
727 2875 850 2937 fraterni
871 2860 1192 2953 decusimminuerint,
1216 2877 1326 2939 vobis·

200 2996 268 3041 cum
299 2977 484 3059 perpendite.
530 2980 655 3060 Turpia,
686 2979 811 3059 lretres,
842 2980 937 3060 turpia
968 2979 1073 3056 valde,
1107 2987 1136 3041 et
1166 2980 1325 3043 christiano

200 3080 323 3144 vivendi
350 3084 467 3145 rutione
497 3082 619 3165 Indigna
652 3083 755 3145 audire
789 3085 947 3161 debemus,
982 3084 1175 3147 firmissimum
1210 3085 1325 3147 scilicet

200 3193 232 3251 et
255 3184 431 3268 ⁵nntiqunm
447 3188 664 3252 Corinthiorum
688 3189 844 3252 ecclesiam
867 3194 990 3270 propter
1015 3207 1104 3251 unum
1128 3193 1176 3250 nut
1200 3189 1325 3252 alterum

201 3290 352 3354 hominem
375 3299 480 3355 contra
502 3294 695 3375 presbyteros
718 3293 895 3354 seditionem
918 3310 1051 3354 movere.
1093 3292 1128 3352 Et
1144 3291 1190 3353 lvio
1206 3292 1324 3373 quidem

200 3413 307 3459 rumor
327 3412 389 3458 non
411 3402 522 3459 tantum
544 3398 581 3459 ud
605 3416 671 3474 nos,
695 3397 749 3460 sed
765 3395 802 3457 nd
820 3414 873 3457 eos
891 3396 987 3472 etiam,
1011 3396 1061 3475 qui
1077 3396 1197 3484 anobis
1212 3392 1325 3458 ⁶alieni

200 3507 288 3579 sunt,
311 3501 440 3562 manavit
448 3522 457 3577 3
485 3502 540 3578 itu,
564 3509 596 3564 ut
618 3508 741 3583 propter
764 3506 893 3561 vestrum
917 3501 1074 3562 unientium
1097 3485 1324 3580 Iblasphemiae

200 3605 314 3669 nomini
338 3605 455 3668 Domini
476 3606 650 3686 inferuntur,
675 3611 704 3668 et
727 3604 813 3666 vobis
837 3605 909 3685 ipsis
933 3604 1095 3700 periculum
1119 3612 1248 3667 creetur.

339 3794 462 3858 XLVIII.
506 3796 658 3860 Redeotis
681 3796 724 3858 ad
742 3797 881 3876 fraterni
903 3795 1020 3858 amoris
1042 3796 1185 3858 studium.

290 3916 469 3982 ¹Inlerumus
500 3918 592 4000 igitur
623 3919 681 3982 lvoo
715 3921 870 3995 celeriter;
909 3918 1034 4000 pedibus
1068 3918 1184 3980 Domini
1217 3918 1325 3981 advol-

202 4041 316 4100 vumur,
339 4028 369 4084 et
390 4021 496 4086 flentes
518 4023 691 4105 suppliciter
707 4024 899 4104 imploremus
916 4041 994 4100 eum,
1018 4029 1049 4085 ut
1068 4024 1212 4104 propitius
1229 4022 1325 4086 luctus

201 4129 290 4190 nobis
313 4126 533 4205 reconcilietur,
558 4132 587 4189 et
610 4129 754 4207 pristinae
776 4134 899 4190 nostrae
915 4126 1045 4188 decorae
1068 4121 1123 4187 ⁸et
1139 4133 1238 4187 castne
1259 4126 1325 4189 sru-

200 4232 279 4295 tcrni
301 4233 411 4295 umorIs
434 4233 655 4295 conversationi
677 4251 734 4296 nos
758 4234 900 4295 restituat.
946 4231 1027 4292 llaec
1050 4230 1128 4291 onim
1156 4231 1216 4292 vitu
1239 4237 1325 4312 porte

197 4338 332 4420 justitiae
355 4342 402 4400 est
423 4336 461 4398 ud
484 4337 573 4399 vitum
596 4343 707 4419 aperta,
731 4336 808 4399 sieut
830 4335 971 4414 scriptum
994 4337 1055 4431 este
1082 4327 1227 4410 ⁹apemte
1250 4333 1326 4394 mitti

202 4560 258 4595 enm
285 4549 402 4611 tempore
428 4541 538 4595 Neronis
565 4545 672 4612 antiqua
701 4557 750 4594 nu·
782 4545 934 4604 Wottouur,
963 4538 1021 4605 quin
1047 4537 1114 4604 upurl
1141 4540 1220 4591 Ctem.
1245 4540 1324 4590 Alex.

203 4631 312 4698 quiverit
329 4629 454 4697 uppellnri
473 4631 592 4682 ecclesie.
620 4633 701 4681 Fnrv.
779 4637 833 4692 est,
862 4629 904 4696 qui
929 4626 994 4676 hunc
1019 4625 1101 4677 locum
1125 4624 1213 4674 laudnt
1231 4622 1323 4675 Strom.

234 4718 265 4780 6)
284 4717 303 4768 I.
317 4733 342 4767 e.
362 4719 397 4771 ad
411 4734 538 4785 papanor.
570 4714 687 4768 Clemens
705 4730 750 4766 re·
778 4715 821 4779 IV,
843 4714 882 4766 17.
901 4732 926 4782 p.
946 4711 1005 4764 613.
1025 4712 1066 4762 ed.
1086 4710 1177 4761 venet.

202 4805 276 4872 spicit
294 4803 327 4854 ud
345 4801 421 4854 llom.
439 4801 465 4867 2,
484 4803 527 4853 24.
812 4803 841 4868 9)
860 4801 899 4853 l's.
921 4799 985 4863 tlt,
1010 4798 1049 4849 to.
1069 4797 1110 4847 20.
1147 4795 1216 4848 llnee
1235 4804 1260 4848 et
1279 4812 1324 4848 ee-

235 4891 267 4951 t)
286 4888 337 4942 Clr.
358 4889 430 4941 Ilum.
449 4889 476 4954 2,
495 4890 538 4940 24.
572 4886 583 4939 I
599 4888 661 4941 Ilm.
680 4890 706 4953 6,
727 4890 750 4940 1.
778 4890 880 4958 quentia
898 4889 1006 4939 citantur
1021 4901 1036 4936 tt
1050 4887 1129 4938 Cleru-
1144 4886 1218 4936 Alerc.
1233 4882 1324 4934 Strom.

235 4976 267 5045 ⁸)
285 4978 337 5026 Καὶ
357 4976 521 5028 inserendum
540 4991 607 5044 erue,
626 4977 751 5029 existimet
778 4975 796 5040 I,
817 4977 841 5025 7.
862 4992 886 5042 ρ,
907 4972 965 5025 338.
985 4971 1044 5024 339.
1063 4969 1104 5022 ed.
1124 4968 1215 5020 Venot.
