3067 6450
394 1161 415 1217 l.
434 1160 618 1218 manuus
635 1160 681 1217 Ao
701 1160 776 1216 COR.
794 1161 893 1217 XXXV.
910 1162 1017 1217 XXXVI.
1206 1166 1268 1231 103

138 1325 283 1407 ponebas
306 1327 457 1406 loqueum.
503 1326 590 1389 lloeo
610 1325 717 1404 fecisti
741 1333 771 1387 et
793 1328 895 1399 locui,·
922 1326 1126 1404 existimasti,
1153 1327 1268 1406 inique,

141 1433 229 1513 quod
250 1450 305 1494 ero
327 1431 385 1494 tibi
406 1433 528 1494 similis.
567 1431 706 1511 Arpuom
725 1439 763 1507 te,
787 1439 816 1493 et
831 1440 965 1494 statuam
982 1440 1010 1493 te
1027 1439 1138 1495 contro
1152 1431 1269 1508 sociem

143 1546 235 1599 tuom.
280 1536 445 1618 Intellipite
474 1538 582 1615 utique
610 1538 705 1612 leaeo,
740 1538 794 1616 qui
829 1536 1052 1598 obliviscimini
1081 1537 1196 1612 Deum,
1230 1556 1268 1598 ne

143 1643 271 1722 quondo
302 1643 410 1720 ropiol
436 1660 492 1703 eos
527 1639 699 1721 ¹tunquam
728 1641 794 1715 leo,
826 1648 856 1702 et
887 1661 951 1702 non
976 1642 1036 1718 sit,
1066 1641 1120 1721 qui
1143 1641 1266 1718 eripiat.

142 1747 340 1826 Sacrificium
363 1747 470 1808 lourlis
492 1746 715 1825 honorificabit
736 1765 794 1822 me,
819 1754 848 1807 et
871 1746 937 1808 illio
960 1747 1029 1823 iter,
1054 1742 1138 1826 ¹quo
1161 1753 1266 1809 osten·

142 1854 213 1914 lom
238 1852 286 1914 illi
308 1852 440 1915 salutern
460 1851 531 1914 Dei:

188 2042 322 2107 xxxv1.
369 2042 475 2105 Omnis
499 2041 659 2105 beatitudo
682 2040 775 2105 nobis
794 2060 854 2120 per
878 2041 1037 2104 Christum
1059 2041 1217 2105 tribuitur.

226 2166 308 2228 Haec
331 2171 377 2228 est
400 2164 463 2242 uie,
495 2163 611 2242 dilecti,
645 2164 674 2225 in
699 2182 756 2245 que
780 2165 909 2227 salutare
932 2171 1064 2226 nostrum
1088 2166 1266 2245 invenimus,

138 2268 268 2333 ¹lesum
286 2269 442 2346 Christum,
466 2267 645 2330 oblationum
670 2278 837 2332 nostrorum
862 2269 1065 2352 ⁴pontilmom‚
1089 2271 1265 2333 infirmitatis

137 2382 262 2439 nostrae
292 2379 447 2454 patronum
483 2379 513 2433 et
546 2374 761 2437 auxiliatorem.
808 2376 863 2438 Per
895 2376 973 2437 bunc
1007 2375 1159 2438 coelorum
1194 2376 1265 2438 nlti-

136 2481 271 2543 tudinem
304 2474 506 2559 ⁵nspicimus3
540 2496 594 2558 per
627 2478 705 2540 hunc
740 2480 849 2542 vultum
883 2482 948 2563 ejus
985 2480 1198 2543 immaculatum
1234 2487 1265 2542 et

137 2584 292 2647 excelsum
325 2582 531 2663 speculmnur;
564 2601 618 2663 per
652 2582 731 2645 bunc
764 2579 871 2645 ¹‘oculi
905 2584 1004 2647 corbis
1039 2586 1133 2648 nostri
1168 2584 1276 2665 operti·

135 2694 225 2763 sunt;
249 2705 304 2768 per
326 2687 403 2749 hune
428 2679 592 2768 ¹insipiens
616 2694 645 2749 et
669 2690 825 2750 obscurato
849 2708 932 2751 niens
956 2696 1057 2751 nostra
1081 2691 1109 2751 in
1131 2689 1262 2751 abnuim-

135 2794 225 2855 bilem
261 2793 326 2874 ejus
361 2791 457 2853 lucem
488 2791 673 2868 reflorescit;
707 2811 761 2874 per
797 2794 874 2856 huno
908 2794 1001 2855 voluit
1031 2794 1174 2857 Dominus
1206 2809 1262 2854 nos

134 2895 331 2959 immortalem
361 2898 561 2977 cognitionem
593 2905 733 2979 gustare3
769 2918 823 2980 per
857 2900 952 2976 liunc,
988 2894 1067 2980 ⁸qui
1100 2899 1261 2980 majestatis

135 3001 190 3063 Dei
207 3000 352 3083 splendor
367 3002 510 3079 existens,
529 3009 607 3065 tanto
626 3005 721 3085 majm
738 3010 782 3065 est
799 3004 925 3085 angelis,
943 3009 1051 3086 quanto
1065 3002 1261 3064 excellentius

135 3124 246 3168 nomen
276 3106 398 3168 sortitus
429 3111 483 3167 est.
529 3106 674 3188 Scriptum
703 3108 780 3168 enim
811 3115 872 3170 est:
908 3103 989 3187 ⁹qoi
1021 3107 1101 3184 [orit
1132 3107 1261 3183 unpelos

135 3231 212 3275 suos
234 3210 381 3291 spiritus,
414 3219 444 3274 et
472 3212 634 3275 ininistror
662 3232 739 3274 snos
770 3213 854 3290 ionis
881 3210 1043 3289 tlomnuom.
1094 3204 1118 3247 ¹⁰
1133 3209 1177 3270 De
1201 3208 1265 3274 utin

136 3321 234 3378 nutem
259 3333 314 3378 suo
338 3315 381 3376 sio
404 3314 477 3377 dixit
500 3315 659 3379 Dominus:
694 3315 718 3353 ¹¹
732 3317 818 3395 fitius
842 3335 925 3377 nuens
949 3335 981 3377 es
1004 3324 1054 3390 to,
1087 3333 1142 3392 epo
1166 3312 1260 3372 liulie

133 3421 229 3501 penui
260 3427 309 3493 te,·
337 3420 467 3499 postulo
499 3439 518 3482 o
548 3440 610 3496 me,
642 3427 673 3481 et
702 3419 785 3481 dubo
816 3419 872 3479 tibi
902 3427 1008 3498 pentes
1041 3415 1260 3479 hoereditatem

136 3532 234 3600 tuom,
265 3531 295 3585 et
313 3526 543 3604 possessionem
565 3533 647 3586 tuom
670 3524 820 3587 terminos
844 3533 957 3586 terrae.
1001 3523 1038 3586 Et
1063 3523 1166 3583 ilerum
1191 3520 1261 3580 dicit

135 3629 171 3691 ab
194 3647 281 3692 eum:
314 3625 340 3666 ¹¹
353 3629 428 3692 sede
449 3649 470 3692 n
492 3630 614 3691 dextris
636 3630 731 3704 meis,
763 3628 864 3690 donec
885 3646 998 3706 ponam
1022 3626 1167 3686 inimicos
1190 3633 1273 3686 tuos¹

135 3733 301 3796 scabellum
313 3734 426 3814 pedum
441 3742 572 3796 tuorum.
596 3734 720 3807 Quinam
737 3740 834 3795 autem
845 3740 913 3796 sunt
928 3734 1035 3796 inimici
1049 3728 1094 3793 ¹³?
1118 3730 1258 3794 Homines

136 3838 283 3919 peruersi,
304 3845 336 3900 et
357 3838 408 3919 qui
436 3835 459 3875 ¹¹
475 3837 593 3901 divinoe
617 3838 761 3902 uoluntati
785 3838 935 3900 resistunt.

169 4132 198 4197 7)
222 4129 332 4183 Videtur
356 4127 382 4182 S.
410 4127 485 4181 Peter
511 4129 625 4182 altudere
651 4130 682 4183 nd
730 4129 774 4193 12)
795 4130 834 4182 Pr.
856 4131 914 4193 109,
939 4129 958 4180 1.
995 4126 1072 4178 Hebr.
1094 4127 1117 4190 1,
1141 4125 1180 4176 13.

137 4217 207 4270 Rom.
230 4220 261 4283 1,
279 4217 310 4268 21
331 4224 358 4268 et
375 4213 464 4268 lPetr.
483 4216 515 4281 2,
535 4217 558 4267 9.
592 4222 682 4269 worn.
730 4217 773 4279 13)
793 4217 880 4269 iunius
900 4215 1006 4267 dederet
1029 4212 1051 4261 ol
1070 4210 1156 4278 ἐχθροὶ
1176 4208 1257 4275 αὑτοῦ,

138 4304 301 4358 turbabere
320 4301 457 4356 Clementis
476 4320 556 4373 usque
575 4304 606 4356 nd
624 4301 682 4371 yrb-
711 4306 845 4356 Wottonus
858 4304 972 4370 reposuit
983 4298 1068 4365 ἐχθροὶ
1082 4302 1168 4365 κυρίου.
1192 4299 1257 4350 Hin-

138 4396 225 4441 moom
242 4390 328 4443 laudnt
344 4392 425 4445 aare.
438 4394 514 4444 Alex.
535 4389 626 4443 Strom.
641 4389 682 4454 tt,
709 4401 749 4443 tus
770 4399 852 4441 nutem
871 4405 921 4440 non
940 4396 979 4439 est
997 4386 1103 4454 plurium
1123 4401 1198 4454 quum
1212 4401 1257 4436 sex

139 4479 177 4529 17.
197 4495 224 4546 p.
243 4476 304 4529 613.
710 4478 847 4529 literarum.
874 4480 1018 4526 Jnconsnn.

169 4565 198 4631 8)
217 4562 296 4616 Hebe.
318 4563 342 4629 1,
360 4562 384 4614 3.
403 4563 428 4615 l.
730 4564 773 4626 14)
792 4562 829 4613 lte
850 4568 938 4614 Wonr.
956 4567 982 4612 et
998 4564 1056 4610 Jne.
1091 4558 1118 4610 ln
1136 4557 1180 4608 bis.
1200 4564 1258 4623 port

169 4651 198 4716 9)
217 4647 257 4702 ts.
279 4649 338 4714 103,
357 4650 381 4702 4,
417 4647 494 4702 Hebe.
515 4649 539 4714 1,
558 4648 582 4700 7.
633 4705 636 4710 Δ
709 4652 744 4715 τῷ
756 4647 873 4713 θελήματι
889 4649 978 4699 iterum
992 4653 1072 4697 exstat
1089 4642 1256 4692 Telonnu-

154 4738 198 4804 10)
216 4737 288 4808 Lege
305 4733 347 4785 int
365 4734 394 4786 <tt
411 4739 454 4785 roi
473 4736 531 4786 υἱοῦ.
557 4736 629 4788 Bo1s.
711 4739 827 4787 lltA..1.
859 4735 922 4785 emo
940 4733 1023 4786 adhue
1042 4734 1067 4783 in
1086 4729 1177 4781 codice
1195 4743 1255 4779 eer-

153 4824 197 4892 11]
217 4823 259 4878 er.
277 4825 306 4892 2,
324 4823 349 4876 7.
367 4821 393 4875 8.
427 4821 505 4876 Hebe.
528 4824 550 4890 l,
570 4825 593 4876 5.
709 4839 771 4876 nore
790 4824 872 4892 potuit
891 4822 1034 4873 Wottonus.
