3067 6450
421 1185 559 1240 undas
577 1186 712 1241 PASTOR.
748 1186 845 1240 trusa
863 1186 905 1240 nt
942 1187 1066 1242 Slllle'f.
1085 1189 1113 1242 V.
1265 1193 1329 1259 383

203 1346 360 1424 dominus;
391 1346 499 1412 fodiam
524 1366 602 1412 nuno
626 1349 741 1412 vineam
763 1348 858 1428 hono,
889 1356 919 1412 et
948 1349 1005 1412 erit
1032 1349 1209 1430 formosior,
1239 1371 1329 1434 quum

203 1451 297 1514 fuerit
319 1451 411 1531 fosso,
435 1461 465 1515 et
488 1455 629 1516 extractis
653 1455 753 1517 herbis
777 1456 920 1537 majorem
943 1454 1024 1517 dabit
1050 1454 1194 1536 fructum,
1217 1466 1248 1521 et
1270 1478 1329 1522 noo

203 1558 401 1622 suffocabitur
423 1560 459 1622 ab
484 1560 593 1622 herbis.
632 1559 806 1643 Adgressus
823 1558 931 1622 deinde
948 1559 1031 1638 fodit,
1048 1567 1077 1622 et
1093 1580 1196 1624 omnes
1213 1562 1331 1641 herbas,

204 1682 284 1745 quae
305 1664 394 1725 iu'ea
417 1670 511 1744 erant,
536 1665 679 1740 extraxit;
703 1670 792 1745 alque
816 1665 855 1727 ita
879 1665 974 1728 evasit
995 1666 1082 1728 vinea
1109 1667 1330 1748 speciosissima

202 1786 240 1832 ac
254 1768 344 1848 laeta,
367 1787 428 1832 non
444 1768 588 1832 suffocata
604 1770 640 1832 ab
657 1770 766 1832 herbis.
812 1770 883 1832 Post
900 1769 1079 1850 aliquantum
1095 1789 1170 1834 vero
1187 1772 1330 1853 temporis

201 1873 286 1936 venit
308 1873 445 1936 dominus
469 1875 545 1956 eJus,
569 1881 598 1936 et
620 1873 777 1955 ingressus
801 1881 847 1937 est
868 1875 995 1938 vineam.
1040 1875 1133 1949 Quam
1157 1896 1246 1957 quum
1271 1876 1330 1940 de·

201 1977 328 2058 patalam
351 1977 475 2041 vidisset
498 1978 651 2058 decenter,
675 1996 709 2040 ac
732 1977 967 2059 circumfossam,
996 1986 1026 2042 et
1048 1987 1198 2044 extractas
1221 1982 1329 2044 herbas

200 2083 240 2145 ab
262 2100 316 2162 ea,
347 2089 377 2146 ct
399 2082 491 2146 laetas
524 2101 592 2146 esse
621 2083 716 2163 vites,
748 2101 788 2145 ex
819 2083 898 2147 facto
927 2085 985 2148 hoc
1014 2086 1096 2148 servi
1119 2087 1165 2149 sui
1189 2088 1330 2169 gaudium

201 2188 292 2269 cepit
337 2187 478 2251 Adhibito
501 2188 601 2270 itaque
624 2188 695 2265 lilio,
718 2206 806 2269 quem
830 2188 950 2252 charum
968 2195 996 2252 et
1013 2189 1172 2254 haeredem
1192 2191 1329 2272 habebat,

202 2299 233 2355 et
255 2292 375 2370 amicis,
405 2310 481 2374 quos
505 2293 535 2356 iu
558 2291 685 2355 consilio
709 2292 892 2373 advocabat,
924 2294 1032 2358 indicat
1055 2314 1109 2374 ea,
1138 2314 1214 2375 quae
1237 2314 1328 2360 servo

200 2415 260 2460 suo
292 2396 426 2460 facienda
458 2396 645 2476 mandasset,
678 2415 754 2478 quae
785 2403 940 2479 praetcrea
971 2398 1020 2461 illo
1051 2398 1182 2463 fecisset.
1227 2401 1267 2463 At
1288 2401 1330 2462 illi

203 2502 341 2582 protinus
363 2502 500 2585 gratulati
522 2508 592 2565 sunt
613 2520 704 2565 servo
728 2502 779 2581 illi,
803 2502 882 2583 quod
908 2510 964 2566 tam
988 2503 1107 2586 plenum
1130 2505 1328 2569 testimouium

201 2606 314 2668 domini
337 2607 383 2669 sui
406 2613 561 2671 assecutus
585 2606 698 2669 fuisset.
745 2605 794 2668 Ait
818 2605 926 2670 deinde
949 2608 1022 2670 illis:
1046 2627 1106 2692 ego
1127 2608 1244 2689 quidem
1261 2611 1329 2674 huic

200 2728 294 2773 servo
318 2710 482 2774 libertatem
505 2712 645 2793 promisi,
667 2710 692 2774 si
717 2711 897 2776 custodisset
919 2712 1085 2777 mandatum
1109 2732 1223 2796 meum,
1248 2715 1333 2797 quod

201 2815 345 2879 dederam
353 2838 364 2894 ;
394 2825 424 2880 et
446 2817 605 2881 custodivit
628 2817 716 2897 illud,
749 2825 779 2879 et
809 2826 965 2900 practerea
990 2837 1065 2901 opus
1089 2819 1198 2883 bonum
1221 2820 1330 2904 adjecit

201 2921 230 2982 in
254 2923 392 3002 vineam,
424 2922 505 3004 quod
528 2923 597 2986 mibi
621 2941 707 3003 quam
731 2923 886 3004 plurimum
917 2924 1033 3005 placuit.
1079 2925 1134 2989 l'ro
1158 2927 1216 2989 boo
1238 2928 1330 3008 igitur

200 3045 313 3108 opere,
348 3027 429 3107 quod
459 3028 546 3107 lecit,
580 3027 651 3091 volo
684 3046 751 3090 eum
783 3027 843 3091 filio
869 3046 944 3107 meo
976 3028 1077 3093 lacere
1109 3029 1326 3107 cohaeredem3
1424 3075 1429 3094 .

200 3133 361 3213 qnoniam,
393 3151 481 3213 quum
502 3134 665 3212 sensisset,
697 3132 766 3212 quid
791 3139 871 3196 esset
893 3135 1020 3214 bonum,
1050 3154 1109 3198 non
1134 3136 1249 3213 omisit,
1273 3132 1327 3197 sed

204 3238 277 3302 fecit
299 3237 377 3301 illud.
421 3238 486 3303 Hoc
510 3239 665 3302 consilium
690 3236 800 3302 domini
824 3246 854 3301 et
876 3240 952 3303 lilius
976 3248 1004 3303 el
1032 3241 1118 3303 amici
1146 3242 1211 3322 eius
1240 3259 1328 3303 com-

204 3344 424 3425 probaverunt,
456 3350 487 3406 nt
514 3345 599 3407 lieret
627 3345 743 3407 scilicet
770 3344 819 3406 hic
842 3364 949 3409 servus
975 3346 1122 3409 cohaeres
1146 3347 1214 3409 lilio.
1258 3346 1329 3409 Post
1411 3395 1417 3408 .

203 3448 269 3511 dies
293 3448 401 3512 deindo
424 3467 484 3511 oon
508 3450 630 3528 mullos,
660 3450 834 3512 convocatis
864 3452 980 3530 amicis,
1011 3451 1221 3533 paterfamilias
1251 3451 1329 3514 misit

204 3552 244 3615 de
268 3572 362 3616 coena
384 3573 438 3618 sua
463 3573 553 3618 servo
577 3555 616 3617 illi
640 3555 723 3617 cibos
740 3556 918 3637 complures.
957 3557 1040 3631 Quos
1057 3576 1146 3638 quum
1162 3558 1329 3640 accepisset

178 3658 263 3739 ille,
287 3660 403 3724 sustulit
425 3679 465 3723 ex
488 3660 542 3738 cia,
565 3659 645 3742 quod
669 3659 837 3723 sufficiebat
858 3662 932 3739 sihi;
959 3662 1104 3743 reliquum
1128 3669 1225 3725 autem
1249 3680 1327 3725 con-

202 3764 301 3826 servis
317 3764 379 3826 suis
396 3763 552 3828 distribuit.
577 3764 690 3840 Quibus
704 3767 835 3846 acceptis
852 3766 892 3828 illi
908 3767 1006 3829 laetati
1022 3774 1101 3847 sunt,
1118 3774 1148 3830 ct
1163 3773 1328 3849 coeperunt

201 3869 244 3932 illi
267 3875 381 3949 optare,
404 3875 436 3932 ut
457 3870 601 3951 majorem
623 3872 748 3953 gratiam
772 3871 848 3951 apud
874 3870 1022 3935 dominum
1046 3872 1194 3935 inveniret
1218 3871 1256 3934 ob
1280 3890 1327 3950 oo,

202 3990 282 4053 quae
305 3971 418 4037 fecerat
440 3973 522 4055 ipsis.
566 3974 647 4037 llaec
678 3976 775 4039 omnia
807 3996 895 4058 quum
923 3978 1054 4041 audisset
1085 3979 1221 4041 dominus
1250 3978 1326 4059 ejus,
1353 4041 1355 4046 .

201 4079 338 4159 percepit
360 4080 468 4142 iterum
490 4079 647 4142 maximum
671 4081 830 4162 gaudium5
853 4091 883 4147 et
903 4084 1077 4147 convocatis
1093 4100 1210 4145 rursum
1226 4083 1327 4145 amicis

201 4190 232 4246 et
255 4182 328 4262 lilio,
351 4183 475 4266 exponit
498 4182 605 4247 factum
629 4187 710 4248 servi
734 4187 781 4249 sui
805 4188 843 4249 do
866 4187 939 4250 cibis
958 4188 1029 4265 suis,
1053 4204 1129 4267 quos
1151 4187 1179 4249 ei
1199 4188 1327 4251 miserat.

200 4287 244 4351 llli
268 4288 368 4369 itaque
391 4294 472 4350 tanto
494 4290 588 4370 magis
612 4298 807 4354 assenserunt
834 4290 1053 4372 patrifamilias,
1085 4291 1181 4373 ipsum
1206 4310 1327 4356 servum

200 4389 402 4455 cohaeredem
425 4392 486 4456 lilio
509 4392 622 4457 debere
644 4394 739 4458 lieri.“

288 4495 334 4560 lll.
379 4497 456 4562 Dico
479 4501 524 4562 ei:
550 4500 706 4581 ,domine,
732 4502 785 4563 has
808 4499 1012 4574 similitudines
1039 4520 1100 4566 non
1123 4501 1203 4580 novi,
1227 4516 1325 4580 oeque

201 4601 370 4683 intelligere
386 4620 518 4684 possum,
541 4606 598 4668 nisi
614 4624 666 4669 eas
681 4611 712 4668 tu
728 4607 797 4668 mihi
815 4607 979 4688 exponas.“
1018 4607 1026 4645 ¹
1043 4606 1197 4687 ,Omnia,“
1221 4604 1324 4684 inquit,

237 4773 313 4844 l)1u
341 4774 391 4829 hoc
418 4779 501 4846 capito
524 4782 638 4834 morulis
662 4795 751 4832 seusus
778 4778 887 4833 Domino
906 4778 995 4844 majori
1013 4779 1126 4847 praemio
1142 4784 1324 4844 ornatuserat,

200 4862 371 4915 similitudinis
389 4863 455 4916 illius
473 4865 628 4934 explanatur.
653 4864 750 4929 Quen·
778 4870 811 4919 ita
829 4876 856 4920 ot
874 4883 970 4931 omnes,
989 4867 1031 4934 qul
1053 4880 1132 4931 opera
1149 4877 1324 4931 supereroga-

201 4947 336 5002 sdsnodour
355 4966 444 5004 servus
462 4952 513 5017 illo,
533 4954 588 5021 quia
602 4952 658 5020 plus
670 4969 751 5021 pore·
778 4956 852 5017 toria,
872 4969 896 5003 o.
918 4968 943 5020 g.
959 4952 1072 5017 jejunia,
1092 4959 1229 5020 peragunt,
1248 4965 1323 5019 mag-

202 5038 276 5105 perlt,
296 5052 372 5105 quarn
391 5054 457 5108 quae
475 5039 522 5109 ipsi
537 5040 610 5107 jussa
628 5049 718 5109 eraut,
736 5057 750 5093 a
776 5055 834 5093 uam
850 5037 918 5107 apud
936 5036 1018 5091 Deum
1041 5038 1150 5107 pretim
1167 5036 1325 5092 obtinebunt.
