3067 6450
88 1240 92 1247 ,
185 1184 286 1241 xxxvi
621 1177 876 1233 enouaoonuna
1115 1173 1313 1246 [semrom

274 1344 384 1411 Secuto
407 1341 621 1405 autem-tertio
645 1339 806 1402 secundam
830 1337 989 1402 Clementis
1012 1336 1173 1420 Epistulam
1200 1337 1231 1398 in
1256 1354 1315 1399 usu

187 1459 218 1514 et
248 1449 424 1535 auctoritate
452 1447 562 1524 luisse,
593 1465 633 1508 ex
655 1444 868 1525 Apostolorum
899 1463 1013 1508 canone
1036 1440 1077 1505 85
1107 1440 1314 1505 demonstrare

187 1561 313 1618 coriatus
337 1559 382 1615 est
407 1551 576 1614 Gallandius
591 1546 630 1632 ¹).
676 1549 734 1614 Sed
759 1551 904 1612 erraverit
927 1550 972 1610 uir
994 1547 1194 1611 doctissimus.
1240 1544 1313 1606 llam

186 1665 356 1741 postremus
380 1658 436 1719 iste
459 1674 555 1719 canon
579 1671 639 1716 non
662 1659 731 1715 ante
753 1652 841 1715 finem
864 1653 958 1717 seculi
975 1653 1067 1734 quinti
1085 1650 1241 1714 coniectus
1257 1655 1314 1727 est,

186 1769 220 1825 ut
242 1762 368 1844 egregie
389 1759 491 1823 docuit
512 1760 564 1823 Dr.
588 1757 782 1822 Sebastianus
804 1757 842 1820 do
867 1758 950 1840 Drey
973 1757 1005 1819 V.
1029 1757 1062 1820 C.
1079 1753 1120 1838 Ι).

275 1867 397 1945 Primus,
421 1867 470 1947 qui
486 1863 638 1927 secundae
655 1862 816 1925 Clementis
837 1862 981 1943 epistolae
1003 1860 1142 1937 meminit,
1165 1857 1315 1921 Eusebius

187 1979 253 2050 ast,
276 1989 417 2050 monens,
441 1976 471 2033 et
492 1970 615 2034 alteram
638 1969 798 2032 Clementis
821 1966 977 2049 epistolam
999 1964 1146 2046 prolerri3
1169 1963 1225 2025 sed
1249 1980 1315 2023 mm

187 2095 248 2141 non
273 2078 396 2157 perinde
419 2095 455 2140 ac
476 2078 608 2159 priorem
632 2083 730 2141 notam
746 2090 827 2153 ease,
849 2072 990 2153 quoniam
1005 2088 1062 2133 nec
1078 2076 1199 2133 veteres
1216 2085 1253 2131 ea
1269 2067 1317 2129 usi

187 2181 298 2245 suerint
314 2178 357 2266 ³).

275 2286 392 2371 Deinde
408 2285 485 2348 inest
500 2285 576 2348 baec
591 2284 715 2365 epistola
731 2283 929 2348 celeberrimo
945 2281 985 2344 illi
998 2277 1202 2343 Alexandrino
1218 2275 1317 2339 codici

190 2392 220 2453 in
244 2391 349 2452 blaseo
372 2390 538 2452 britannico
559 2389 743 2452 Londinensi
766 2397 932 2451 asservato.
978 2384 1086 2451 Secula
1114 2383 1203 2464 igitur
1227 2380 1263 2442 lv
1287 2384 1318 2442 et

189 2495 213 2557 V
239 2495 376 2557 Clemens
399 2493 487 2575 hujus
511 2493 656 2575 epistolae
676 2499 781 2556 auctor
797 2513 813 2555 a
829 2491 924 2553 multis
941 2490 1106 2570 putabatur.
1152 2486 1219 2560 Quo
1235 2486 1317 2566 Jure‚

188 2598 348 2661 nescimus.
402 2597 514 2660 Pariter
545 2617 603 2662 nos
638 2599 723 2677 latet,
758 2599 865 2678 quibus
899 2596 962 2658 nixi
994 2593 1174 2675 argumentis
1204 2591 1318 2666 Hiero·

189 2722 294 2786 nymus
311 2701 345 2786 ⁴)
369 2710 399 2766 et
420 2702 541 2766 Photius
559 2702 591 2787 ⁵)
615 2702 692 2767 banc
715 2703 870 2784 epistolam
901 2721 918 2764 a
949 2700 1101 2762 veteribus
1128 2697 1318 2778 reprobatam

189 2805 414 2884 contenderint;
438 2824 504 2870 uam
521 2807 668 2871 Eusebius
690 2809 757 2871 talia
782 2827 841 2872 non
865 2805 991 2888 proten,
1014 2804 1198 2883 antiquiores
1219 2807 1318 2863 autem

191 2929 317 2992 prorsus
342 2909 379 2974 de
402 2931 437 2974 ea
460 2911 557 2975 silent.
603 2912 670 2976 Non
694 2932 798 2975 errare
822 2918 851 2973 te
874 2919 985 2994 putem,
1008 2911 1033 2971 si
1053 2910 1265 2988 Hieronymum
1289 2911 1320 2967 et

189 3014 323 3078 Photium
337 3014 459 3078 Eusebii
475 3017 567 3080 verba
583 3019 680 3082 minus
695 3024 780 3081 recte
796 3018 1007 3098 interpretatos
1023 3032 1093 3077 esse
1107 3009 1318 3075 contenderes.

190 3117 274 3200 Ergo
296 3127 432 3183 veterum
454 3122 621 3186 testimonia
644 3122 824 3186 authentiam
847 3120 935 3202 bujua
958 3118 1103 3200 epistolae
1130 3133 1190 3179 non
1213 3120 1319 3196 aperte

190 3242 315 3307 negare,
339 3226 610 3307 antiquissimorum
633 3236 730 3292 autem
753 3234 868 3311 patrum
890 3227 1038 3291 silentium
1061 3229 1229 3308 suspectam
1253 3240 1318 3285 eam

177 3328 330 3430 reddere,
352 3330 433 3395 clare
455 3334 652 3415 perspicimus
668 3330 710 3416 ⁶).

230 3535 257 3603 l)
277 3534 341 3589 bibl.
361 3535 447 3589 Vates.
466 3536 536 3591 l’..P
556 3537 585 3590 T
598 3537 617 3592 Ι.
637 3536 740 3607 Proleg.
733 3537 826 3629 .pdaun
853 3536 920 3589 dicta
944 3534 1069 3604 quaedam
1092 3535 1228 3603 peregrina
1247 3532 1321 3585 velut

191 3637 217 3690 p.
237 3621 289 3673 ltu.
769 3640 876 3677 aaacra
894 3623 1020 3690 Scriptura
1039 3621 1170 3685 iuducere,
1189 3620 1319 3687 iuterpre-

226 3706 255 3768 2)
275 3704 347 3757 Naue
367 3706 595 3777 Ueteraocbnngen
615 3709 679 3761 liber
699 3710 741 3761 die
770 3710 879 3759 tationes
898 3708 1013 3759 locorum
1030 3706 1194 3776 quorumdam
1208 3704 1319 3756 alienio-

192 3787 396 3844 Constitutioaen
413 3794 463 3844 und
477 3792 594 3847 canones
608 3794 741 3863 derbpo-
769 3810 811 3845 ras
835 3793 965 3861 prolerre,
992 3808 1041 3844 aec
1067 3793 1236 3844 continentem
1255 3804 1320 3841 ora-

191 3874 249 3927 atel
270 3874 485 3945 Tubingen1832.
500 3879 595 3969 pano.
609 3879 741 3932 dimid.
770 3879 1319 3947 tronaaaeraeraetconsaqoenuamaerrara

76 3961 78 3971 '
134 4000 140 4012 .
191 3960 256 4104 ὥς3)
275 3960 339 4013 utar.
365 3961 431 4014 eccl.
449 3962 497 4027 ΙΙΙ,
515 3936 569 4015 ΙΙ8’·ε
593 3960 681 4015 Ιστέον
707 3964 741 4020 rii
804 3966 835 4035 6)
853 3965 972 4019 Nonnulli
1006 3964 1174 4033 Epiphaniam
1215 3976 1320 4030 quoque

248 4044 384 4097 amirado
344 4050 414 4112 vr'aa
440 4066 517 4105 riu
499 4046 550 4098 rire
534 4051 675 4117 aual'yarm
668 4071 743 4102 του
730 4051 896 4120 iepiatolao
922 4060 1025 4104 nostrae
1050 4050 1218 4103 testimonium
1237 4063 1320 4116 prae·

191 4131 333 4197 laifranus
349 4130 475 4196 ἐπιστολή·
493 4131 523 4184 od
539 4131 588 4200 pola
607 4133 644 4187 ἔθ’
654 4136 743 4202 ὁμοίως
771 4137 833 4189 bero
857 4138 1029 4202 contendunt,
1056 4138 1149 4206 quippo
1168 4136 1211 4204 qui
1230 4133 1319 4198 (Hace.

192 4221 222 4281 ῐῇ
244 4221 349 4286 “unvita
372 4221 412 4267 ’‘a'‘
439 4218 530 4285 ταύτην
547 4219 668 4289 γνώριμον
685 4222 739 4273 ἔπι·
770 4224 814 4288 27,
827 4224 843 4275 6
856 4216 882 4276 et
895 4223 939 4289 30,
954 4223 998 4289 15)
1018 4223 1051 4276 da
1068 4221 1181 4291 pluribus
1196 4219 1319 4272 Clemen-

191 4302 316 4368 στᾰμεθα·
342 4303 381 4354 ὅτι
398 4302 532 4370 prpd'e‘rav'c
549 4303 663 4376 ἆρχαίους
679 4306 739 4375 adep
770 4311 802 4362 lit
821 4310 934 4377 epitlolia
952 4310 1032 4362 verb!
1050 4308 1136 4360 iaciat.
1172 4306 1224 4358 Sed

192 4394 348 4457 aepppar'rom
366 4394 441 4455 tapam.
837 4397 864 4460 a)
882 4394 1039 4463 Epiphanius
1065 4392 1187 4463 epistolas
1215 4404 1320 4460 quoquo

228 4479 257 4543 Ι)
277 4476 355 4530 Catal.
374 4479 459 4546 script.
479 4479 544 4532 eccl.
564 4498 587 4534 c.
605 4483 650 4535 15:
670 4488 740 4539 Far.
804 4481 860 4534 illaa
884 4485 918 4535 ad
940 4486 1060 4553 vii-pinca
1079 4480 1248 4533 Clementiam
1267 4495 1319 4545 pu·

192 4571 239 4619 latr·
255 4572 280 4618 et
296 4567 414 4618 secunda
430 4566 492 4632 ejus
504 4572 609 4624 aomina
620 4574 739 4639 epistota,
803 4575 872 4620 usae
890 4566 1006 4632 videam,
1025 4582 1129 4635 quarum
1147 4572 1266 4632 respectu
1284 4563 1319 4616 da

192 4667 259 4721 quaa
278 4669 294 4703 ι
311 4654 629 4720 cderiluasaprotatar.
803 4652 917 4720 pluribus
941 4652 1080 4707 Clementia
1106 4651 1220 4720 epistolia
1246 4651 1319 4720 loqui

229 4738 257 4801 5)
277 4733 342 4788 Bibl.
362 4733 423 4789 Cod.
445 4736 508 4789 1l3·
533 4732 610 4788 Ἡδὲ
626 4741 742 4806 layoplrp
803 4737 923 4792 debebat.

192 4816 293 4922 dput'poe
314 4819 372 4887 πρός
395 4840 425 4870 ro
411 4841 450 4879 ους
467 4819 553 4879 edred,-
571 4821 741 4892 [Conntbiaal
840 4824 869 4887 b)
889 4824 1023 4877 Secundae
1049 4832 1151 4876 nostrae
1179 4824 1319 4879 Clementis

250 4904 323 4963 νόθος
349 4903 472 4956 α’ποδοκιι
446 4907 560 4971 radicem.
604 4908 740 4963 Praeterea
803 4910 928 4976 epistolae
959 4913 1086 4979 expressis
1113 4910 1200 4964 verbis
1228 4911 1320 4964 nullibi

192 4925 297 5048 Pbotiua
315 5001 396 5061 notat,
415 4957 547 5064 epistolam
567 4993 738 5050 baucmcuu·
802 4994 960 5065 Epiphanius
980 5000 1152 5055 testimonium
1171 4999 1287 5068 praebat.
