3067 6450
456 1199 637 1256 tunsone:
655 1201 821 1257 sttsrots.
850 1203 892 1257 vt.
911 1203 964 1258 vti.
1233 1207 1273 1271 15

143 1364 220 1428 'lum
244 1363 388 1428 Dominus
410 1361 517 1426 videns
539 1362 699 1442 hominen,
722 1364 875 1446 pulchrum
900 1365 1071 1448 figmentum
1095 1383 1192 1445 sunm,
1216 1367 1273 1429 uit:

148 1469 303 1533 'crescite
325 1478 356 1532 et
376 1469 639 1548 multiplicamini,
664 1477 694 1531 et
710 1471 826 1548 replete
843 1477 966 1533 terrum.
1001 1470 1082 1533 lineo
1097 1470 1133 1533 ml
1150 1471 1238 1533 filium
1251 1466 1273 1534 ².

144 1575 256 1638 lterum
279 1581 376 1638 eutem
399 1575 450 1636 ntn
475 1572 648 1649 ostendent,
679 1572 831 1653 qurernotio
862 1573 959 1653 quood
984 1592 1040 1636 nos
1064 1574 1171 1637 ultimis
1195 1581 1273 1636 tenr-

142 1680 269 1760 porinus
296 1677 457 1742 secundnm
489 1678 669 1741 creationem
702 1678 864 1758 peregerit.
910 1677 987 1740 Dicit
1010 1678 1087 1740 eninr
1111 1679 1273 1742 Dominus:

142 1779 244 1849 ⁸ecce
274 1783 394 1861 sociem
426 1781 600 1845 novissimo
631 1790 785 1861 tmnquom
813 1782 934 1859 priore.
980 1779 1077 1845 ⁴lioo
1107 1784 1273 1866 respiciens

142 1888 326 1969 proerlicovit
349 1886 511 1968 propheto:
535 1886 651 1947 intrate
674 1887 707 1945 in
731 1893 847 1947 terrum
870 1886 949 1946 loete
972 1894 1001 1946 rt
1016 1887 1104 1948 melle
1118 1887 1272 1964 fluentem,

141 2000 171 2052 et
201 1992 412 2054 dominamini
442 1991 479 2053 ei.
533 1990 613 2053 Ecce
644 1992 751 2072 igitur,
785 2007 841 2051 nos
875 1989 974 2052 denuo
1006 1991 1122 2054 lormoti
1153 2009 1273 2068 sumum

142 2093 393 2175 uuemmimodnm
416 2112 522 2156 rursus
545 2095 574 2156 in
598 2093 657 2155 elio
680 2092 825 2174 propheto
849 2093 938 2155 dicit:
963 2092 1067 2173 ⁵ccco,
1091 2097 1184 2178 inquit
1207 2096 1275 2160 Do·

141 2201 256 2277 minus,
285 2197 430 2276 celerem
452 2198 493 2260 nb
516 2200 581 2275 eie,
611 2199 669 2260 troc
692 2204 738 2258 est
760 2199 796 2260 ob
821 2200 883 2276 eis,
913 2218 991 2280 qnos
1013 2202 1133 2282 spiritus
1156 2201 1274 2264 Domini

142 2303 355 2384 preevidelrsl,
388 2304 488 2365 corilo
515 2304 664 2381 lopirluu,
696 2311 726 2363 et
748 2303 907 2366 immittam
930 2305 993 2367 illis
1016 2307 1274 2380 certiorarem

142 2409 210 2489 uuio
234 2409 265 2470 in
288 2426 381 2469 corne
404 2407 497 2470 voluit
519 2426 676 2489 oppurere,
700 2401 754 2467 ⁶et
778 2406 911 2470 habitere
934 2409 962 2472 in
987 2411 1082 2473 nobis.
1119 2411 1273 2493 Templum

141 2513 220 2574 eninr
244 2519 398 2589 renerum,
422 2510 530 2573 iratres
552 2513 628 2587 nrei,
661 2510 788 2574 Domino
812 2519 858 2574 est
881 2512 1019 2576 habitatio
1043 2513 1145 2578 cerlis
1168 2516 1271 2578 nostri.

140 2616 257 2680 Etenim
276 2617 383 2678 iterum
404 2617 443 2678 uit
467 2611 648 2678 'Dominusz
673 2610 822 2678 ⁸ulrinom
836 2618 998 2695 appot-ebo
1013 2638 1121 2682 eornm
1135 2620 1272 2683 Domino

139 2722 207 2785 Deo
232 2740 320 2797 meo,
352 2730 382 2783 et
402 2721 632 2803 plorilicolror?
675 2720 741 2782 Ait:
773 2714 969 2800 ⁹conlitebor
992 2723 1049 2786 tiln‘
1072 2725 1104 2785 in
1128 2723 1271 2800 ecclesio,

139 2826 171 2887 in
200 2826 307 2887 mettio
336 2824 473 2903 [rutrum
505 2845 658 2901 incorum,
695 2834 725 2887 et
754 2826 889 2888 centolio
921 2828 953 2888 in
986 2830 1086 2891 ortelio
1111 2829 1272 2891 ecclesiae

137 2938 328 2992 secretorum.
368 2929 469 3015 linque
493 2948 548 2991 nos
570 2947 685 3006 sumus,
708 2948 785 3010 quos
801 2930 965 2994 introrluxit
981 2934 1010 2994 in
1027 2940 1136 2995 terrern
1153 2933 1271 2996 bonum.

138 3034 197 3098 Sed
222 3051 317 3114 qnare
339 3033 386 3095 iac
417 3040 447 3094 ot
478 3033 562 3095 mel'l
607 3034 754 3107 Quoniam
785 3035 881 3098 inlnns
912 3038 1036 3118 primunr
1066 3037 1169 3115 nielle,
1202 3044 1272 3100 tuno

139 3140 219 3201 lecte
243 3139 377 3215 vivisoit;
403 3133 430 3175 ¹⁰
439 3143 477 3199 itu
503 3144 533 3199 et
555 3157 627 3216 nos,
651 3138 725 3217 irrle,
749 3159 836 3221 quum
860 3140 1001 3203 hebernus
1024 3141 1181 3221 promissis
1206 3140 1271 3218 Dei,

140 3250 171 3305 et
194 3244 291 3306 verbo
320 3242 549 3326 praedicationis
578 3245 732 3324 viviiioeti,
764 3247 899 3310 vivemus
930 3255 1039 3310 terrum
1072 3246 1272 3328 possidentes.

140 3347 288 3429 Superius
311 3367 384 3410 vero
407 3348 571 3429 praedixit:
596 3359 739 3412 crescant
762 3360 792 3411 et
813 3351 957 3428 praesint
970 3351 1123 3428 piscibus.
1164 3348 1185 3387 ¹¹
1200 3350 1272 3424 Quis

141 3458 241 3533 potest
265 3470 344 3514 nuno
366 3470 509 3532 proeesse
532 3454 650 3531 bestiis,¹
669 3453 716 3515 vel
740 3455 882 3534 piscibus,
906 3454 953 3516 vel
976 3454 1054 3516 coeli
1075 3454 1272 3518 volucribus?

140 3557 228 3620 Scire
250 3557 329 3619 enirn
352 3556 512 3636 debemus,
540 3576 691 3637 proeesse
721 3563 900 3638 potestatem
932 3557 1110 3639 designare,
1144 3563 1175 3619 ut
1205 3559 1272 3639 quis

140 3666 268 3742 raperet
286 3679 322 3723 oc
343 3660 520 3725 dorrrinetur.
545 3659 567 3700 ¹²
610 3661 673 3725 Etsi
699 3661 727 3723 id
750 3680 830 3726 nune
853 3680 913 3725 non
936 3663 1107 3744 contingam
1139 3663 1272 3744 promisit

139 3765 169 3828 nt
193 3784 270 3829 sone
292 3766 389 3829 nobis.
427 3766 554 3840 Duonvlo
571 3766 647 3829 liet?
684 3767 781 3841 Ouum
797 3772 828 3828 et
843 3768 899 3848 ipsi
915 3766 992 3830 oleo
1008 3767 1134 3849 perlecti
1150 3767 1271 3847 crinrus,

140 3878 172 3932 ut
195 3869 328 3933 nerones
349 3870 441 3933 simus
465 3871 632 3933 testamenii
655 3871 782 3935 Domini.

355 4061 414 4125 Vll.
457 4063 617 4143 Jejunium
638 4071 669 4125 et
692 4082 785 4144 ceper
809 4073 899 4146 typos
924 4065 1053 4128 Cleristi.

227 4180 387 4264 iutelligite
418 4202 510 4268 ergo,
542 4184 591 4245 Dlii
619 4182 788 4248 dilectionis
818 4205 853 4248 ue
882 4186 1028 4265 loetitiae,
1061 4183 1140 4267 quod
1172 4187 1270 4250 bonus

138 4285 284 4350 Dominus
307 4287 405 4349 omniu
427 4287 515 4350 nobis
538 4289 795 4370 praemonstravit,
820 4296 852 4353 ut
875 4306 1143 4372 cognosceremus,
1168 4290 1215 4352 cui
1240 4290 1269 4352 in

138 4431 182 4474 eet
200 4437 253 4474 ooo
270 4421 304 4474 ed
317 4427 411 4489 Deum,
428 4422 476 4475 md
489 4421 520 4474 erl
534 4426 691 4491 oropum
753 4425 782 4482 9)
802 4424 841 4476 l‘e.
860 4425 904 4489 21,
923 4425 965 4479 2³.

139 4507 250 4575 (Desii)
278 4508 386 4562 releree.
415 4538 447 4550 -
476 4509 555 4562 liotm
585 4509 690 4574 deinte,
756 4512 801 4579 10)
819 4515 874 4565 lae
893 4519 919 4563 et
941 4517 993 4566 eret
1011 4535 1046 4560 =
1067 4515 1147 4570 ntem
1162 4514 1203 4562 καὶ
1220 4508 1266 4575 κή-

139 4594 212 4647 lrieeo
229 4595 317 4648 verbi·
334 4600 439 4651 tertiam
457 4595 506 4647 loci
525 4595 592 4647 illiue
604 4594 691 4646 biblici
717 4616 809 4664 poppo,
830 4598 922 4666 quibus
940 4598 1049 4651 ecclesie
1069 4613 1117 4649 nos
1135 4600 1219 4651 uomit.

139 4681 337 4749 explicationem
362 4682 527 4751 ellegorioern
551 4698 598 4734 eoo
623 4698 690 4750 gno·
753 4683 797 4750 tl)
817 4683 862 4736 ile.
884 4687 919 4743 η’,
938 4684 1011 4737 melo.

137 4769 228 4820 etieeer
248 4769 380 4836 incipero,
406 4784 472 4839 queo
497 4778 596 4823 mrem
618 4771 691 4822 illem
754 4769 800 4837 tt)
818 4768 927 4823 Seniue:
953 4775 982 4824 in
1007 4773 1143 4841 prementi
1166 4772 1269 4839 pellem

138 4853 172 4905 rie
197 4857 313 4909 ecclesie
338 4859 486 4910 otrrietr'm
502 4856 689 4922 interpretetur.
717 4859 859 4923 imperium
877 4860 945 4911 illud
962 4862 990 4911 ire
1008 4860 1132 4912 oolerm
1147 4863 1196 4907 etc.
1215 4871 1268 4908 m

138 4937 555 5008 septemtrionem.
577 4940 635 4994 Not.
650 4941 689 4994 15.
717 4952 850 5006 tenemus,
874 4947 921 4997 tel
943 4947 1108 5013 promieeem
1131 4946 1199 4996 lieu
1217 4944 1266 4996 lo·

171 5027 202 5092 8)
220 5026 262 5080 Pe.
281 5027 326 5092 tt,
344 5026 370 5079 3.
716 5031 1033 5099 mr‘netionouretiqoenlo
1042 5030 1266 5097 ncupoeelimue.
