3067 6450
284 1178 350 1244 334
523 1171 662 1226 ιιΕιιιιιιι
681 1169 817 1225 ιιειοιι.
853 1169 987 1225 tuest
1024 1169 1110 1224 v1s1o
1126 1168 1171 1224 ιιι

285 1336 341 1418 ipsi
358 1334 452 1398 sancti
467 1332 568 1415 angeli
583 1329 700 1394 Domini
709 1351 718 1406 ;
742 1329 797 1393 sed
814 1330 855 1392 illi
870 1337 940 1395 sunt
953 1330 999 1394 bis
1019 1328 1283 1394 ¹excellentiores.
1318 1330 1413 1403 Quum

286 1460 362 1523 ergo
384 1444 586 1502 consummata
603 1436 692 1500 fuerit
706 1423 855 1498 structura
871 1437 970 1515 turris,
994 1454 1098 1500 omues
1113 1435 1200 1499 simul
1217 1435 1415 1517 epulabuntur

281 1547 367 1628 Juxta
392 1543 511 1621 turrim,
535 1548 565 1604 et
587 1540 826 1604 honorificabunt
847 1541 1022 1620 Dominum,
1049 1543 1187 1623 quoniam
1211 1548 1413 1604 consummata

286 1652 344 1714 erit
367 1655 516 1711 structura
539 1646 659 1709 turris.“
705 1644 893 1726 Interrogavi
917 1664 997 1725 eam,
1028 1633 1146 1709 dicens:
1181 1646 1314 1725 „vellem
1338 1648 1413 1709 scire

288 1755 399 1817 exitum
423 1751 559 1834 lapidum,
583 1757 614 1813 et
635 1750 695 1811 vim
719 1768 838 1829 eorum,
862 1751 957 1832 qualis
980 1751 1048 1814 sit.“
1094 1751 1295 1833 Respondens
1319 1759 1412 1815 autem

288 1860 362 1921 dixit
384 1857 469 1920 mibi:
496 1854 656 1938 „numquid
680 1860 712 1916 tu
734 1874 808 1937 prae
831 1857 967 1920 omnibus
990 1855 1164 1936 meliores,
1186 1862 1221 1918 ut
1243 1857 1296 1918 tibi
1317 1856 1348 1919 id
1363 1876 1412 1920 re-

287 1962 431 2025 veletur?
469 1960 528 2022 Alii
552 1960 630 2022 euim
653 1958 771 2039 priores
796 1968 825 2022 te
842 1967 911 2023 sunt
927 1969 958 2024 et
973 1962 1113 2025 meliores
1129 1967 1169 2050 te,
1192 1962 1303 2042 quibus
1320 1980 1412 2043 opor·

100 2134 105 2150 ,
165 2076 169 2082 ’
288 2068 368 2130 tebet
390 2064 520 2127 revelari
542 2064 676 2126 visiones
699 2063 770 2141 bas;
794 2064 849 2127 sed
862 2060 902 2128 'ut
920 2066 1134 2129 honorificetur
1149 2084 1261 2130 nomeu
1276 2066 1346 2145 Dei,
1367 2066 1412 2128 tibi

288 2171 454 2234 revelatum
479 2174 535 2247 est,
559 2175 589 2230 et
611 2167 796 2232 revelabitur

202 2311 204 2315 ,
289 2266 369 2338 torol
384 2261 612 2357 τὲςδιψύχες,
628 2262 841 2356 colodici-oye
869 2270 1019 2356 ²propter
1049 2274 1173 2353 dubios,
1205 2275 1258 2355 qui
1287 2274 1410 2356 cogitant

289 2374 426 2458 ζομένες
440 2373 473 2440 ἐν
485 2379 557 2449 ταῖς
568 2371 715 2462 καρδίαις
728 2367 842 2453 αὐτῶν,
868 2378 897 2440 in
921 2377 1061 2441 cordibus
1084 2380 1164 2459 suis,
1193 2384 1336 2442 utrumne
1362 2378 1410 2440 sint

178 2542 180 2547 ,
290 2477 318 2546 εἰ
340 2479 402 2568 ἄρα
425 2476 622 2558 derivatico,
644 2471 664 2566 ἢ
686 2475 725 2544 ἐκ
747 2474 841 2546 ἔστιν.
869 2482 961 2561 baec,
985 2501 1021 2545 an
1045 2500 1107 2546 noo
1129 2484 1196 2547 sint

291 2587 345 2649 Dic
367 2587 442 2665 illis,
472 2585 552 2667 quod
576 2586 651 2649 haec
673 2587 771 2650 omnia
795 2593 865 2648 suot
887 2603 977 2665 veru,
1008 2592 1038 2649 ct
1060 2585 1132 2648 nibil
1154 2592 1243 2648 extra
1265 2585 1409 2650 veritatem

291 2698 358 2768 est;
381 2690 435 2754 sed
459 2693 556 2754 omnia
579 2692 672 2771 firma,
697 2697 840 2772 certeque
863 2689 984 2753 tundata
1005 2691 1103 2753 sunt“

379 2795 413 2856 V.
461 2795 558 2874 „Audi
587 2814 665 2858 nunc
695 2802 726 2858 et
754 2794 793 2857 de
824 2794 988 2877 lapidibus,
1022 2795 1072 2876 qui
1103 2799 1171 2857 sunt
1202 2793 1233 2855 in
1262 2797 1408 2857 structura

291 2898 419 2981 Lapides
443 2899 561 2980 quidem
584 2900 625 2962 illi
645 2900 780 2980 quadrati
801 2906 830 2962 et
846 2900 913 2978 albi,
937 2899 1152 2962 couvenientes
1167 2897 1198 2959 io
1216 2896 1408 2960 commissuris

293 3004 374 3082 suis,
407 3005 427 3066 ii
449 3011 518 3066 sunt
540 3005 667 3085 apostoli
691 3002 746 3068 ³et
768 3004 903 3085 episcopi
925 3011 955 3066 et
977 3002 1117 3067 doctores
1142 3007 1173 3065 et
1194 3001 1341 3081 ministri,
1369 2997 1409 3081 qui

293 3109 423 3191 ingrcssi
452 3113 521 3171 sunt
550 3109 580 3169 in
610 3108 765 3172 clementia
790 3108 863 3187 Dei,
895 3114 924 3169 et
952 3107 1155 3189 episcopatum
1178 3109 1409 3190 persomme

294 3213 470 3292 docuerunt,
494 3219 525 3276 et
547 3213 790 3277 ministraverunt
811 3219 913 3277 sancte
936 3219 966 3275 et
988 3211 1123 3284 modeste
1147 3211 1254 3275 electis
1280 3207 1408 3292 Ueioui

227 3349 230 3354 ⁹
294 3319 487 3395 dormierunt,
503 3319 614 3399 quique
630 3319 819 3397 adhaesum,
838 3325 868 3381 et
882 3335 1003 3399 semper
1018 3335 1084 3379 cum
1100 3314 1183 3379 ⁴illis
1201 3319 1407 3390 convenerunt,

295 3429 325 3484 et
347 3424 375 3483 in
399 3440 433 3484 se
456 3440 559 3504 pacem
581 3422 757 3502 babuerunt,
782 3430 811 3485 et
827 3441 861 3484 se
877 3422 1004 3484 invicem
1021 3420 1186 3484 audierunt
1219 3421 1347 3501 Propter
1363 3419 1408 3481 boc

295 3533 325 3588 ct
346 3528 375 3588 in
396 3532 572 3589 structuram
588 3528 677 3589 turris
693 3528 876 3591 conveniunt
892 3527 1105 3590 commissurae
1123 3541 1239 3587 corum.
1274 3523 1333 3597 Oui
1347 3535 1407 3584 vcro

295 3630 333 3691 do
355 3629 505 3711 profundo
528 3632 698 3710 trabuntur,
722 3639 753 3694 et
776 3633 968 3712 imponuntur
990 3631 1019 3691 in
1044 3626 1264 3706 tstructuram,
1289 3634 1321 3690 et
1343 3642 1406 3688 eor·

295 3735 417 3796 veniunt
438 3735 651 3799 commissurae
668 3755 771 3799 eorum
788 3753 854 3797 cum
871 3734 997 3797 caeteris
1012 3731 1169 3814 lapidibus,
1192 3732 1244 3812 qui
1256 3732 1320 3814 jam
1335 3726 1406 3792 aedi·

294 3836 372 3899 ficati
396 3845 481 3914 sunt;
513 3840 641 3917 dsunt,
671 3841 721 3920 qui
740 3841 803 3921 jam
826 3839 1026 3917 dormierunt,
1060 3845 1090 3900 et
1118 3837 1202 3917 passi
1232 3842 1304 3899 sunt
1333 3847 1406 3897 caus

295 3942 423 4003 nominis
446 3941 592 4002 Domini.“
640 3943 777 4021 „Caeteri
800 3950 898 4005 autem
921 3941 1045 4025 lapides,
1072 3941 1122 4021 qui
1145 3938 1405 4019 adportabanturt

295 4049 384 4122 terra,
408 4044 478 4108 volo
502 4046 582 4106 scire
606 4048 655 4125 qui
677 4047 746 4125 sint,
771 4046 918 4110 domina.“
957 4046 1023 4109 Ait:
1048 4061 1123 4124 „eos
1140 4043 1348 4124 quidem,.qui
1364 4035 1405 4099 ⁶itt

331 4214 359 4281 1)
378 4214 527 4268 Differentis
553 4216 680 4286 diguitatis
705 4219 771 4272 inter
795 4236 844 4271 an·
872 4221 947 4288 lady,
966 4214 1028 4268 tlirt.
1048 4213 1111 4268 eccl.
1130 4215 1206 4282 primi
1224 4213 1305 4266 seculi
1323 4230 1347 4282 p.
1363 4207 1406 4261 lib

295 4301 369 4370 gelos
386 4319 402 4354 a
419 4303 491 4355 libris
510 4319 611 4373 quoque
631 4307 709 4357 sacris
725 4307 845 4375 agnosci·
871 4303 949 4355 Forte
975 4305 1096 4356 doctores
1115 4323 1151 4348 =
1171 4300 1292 4369 discipuli
1309 4300 1406 4367 Apollt·

296 4397 342 4441 tur.
372 4388 422 4441 Cir.
436 4389 542 4443 lThess.
553 4392 578 4455 4,
593 4392 634 4443 46.
653 4391 748 4461 Ephes.
764 4393 789 4457 1,
802 4392 844 4445 21.
872 4390 962 4453 lorum,
981 4387 1171 4455 praedicatores
1184 4387 1289 4439 divinae
1301 4382 1405 4439 veritatis

296 4477 322 4541 3,
345 4476 384 4527 to.
412 4476 508 4528 lPetr.
527 4479 553 4542 3,
571 4479 613 4530 22.
872 4476 923 4530 Clr.
949 4479 1100 4545 Ddlttnper,
1128 4472 1252 4541 Hippolpt
1270 4481 1319 4525 etc
1345 4466 1404 4524 4853»

329 4564 357 4626 2)
376 4562 447 4615 Haec
465 4573 563 4616 exstant
582 4565 649 4632 apud
668 4568 747 4620 Clam.
766 4567 843 4619 Alces.
872 4580 896 4631 p.
916 4562 964 4614 341
985 4570 1012 4613 et
1030 4560 1126 4613 Similit.
1146 4558 1192 4623 IX,
1212 4576 1235 4612 c.
1254 4561 1271 4612 4
1291 4568 1318 4611 et
1337 4557 1372 4609 1⁵.

296 4648 387 4702 Strom.
406 4650 425 4715 l,
444 4652 485 4701 29.
506 4668 530 4719 p.
549 4652 600 4703 426
619 4652 660 4704 ed.
680 4651 770 4702 lieret.
906 4650 935 4712 4)
954 4648 974 4700 l.
991 4665 1015 4700 e.
1034 4664 1095 4702 cun
1111 4650 1205 4701 ause
1218 4648 1279 4711 Dei,
1296 4661 1342 4697 ιοιι
1359 4649 1403 4696 aa!

331 4738 359 4800 3)
378 4736 425 4788 llic
445 4736 524 4790 bobes
543 4737 674 4789 distinctos
686 4736 845 4789 hierarchiae
872 4738 966 4791 ovibus
984 4737 1055 4789 cuir.

297 4824 408 4876 ordines.
456 4829 586 4879 Doctores
614 4831 673 4876 runt
700 4822 845 4891 presbyteri
907 4824 934 4881 5]
954 4820 991 4873 lta
1010 4820 1073 4873 Cod.
1091 4818 1167 4873 Bodl.
1190 4819 1255 4872 Atii:
1276 4826 1399 4876 ermom

298 4909 435 4976 docentes,
472 4908 623 4971 daddonuloq
659 4912 780 4963 Mdnmri
807 4930 843 4955 =
906 4907 972 4977 6J1,
992 4924 1017 4960 0,
1035 4908 1097 4976 μ’,
1117 4910 1397 4978 panim

297 4992 411 5045 διάκονοι.
449 4994 500 5047 ctr.
527 4998 625 5063 ltotbe,
648 4994 707 5047 Ant.
731 5012 757 5064 p.
784 4995 843 5046 toa.
870 4997 900 5049 ist
917 5005 989 5051 torva
1008 4996 1179 5050 collocatur.
