3067 6450
261 1176 295 1231 1v
727 1176 925 1230 PRAEFATIO.

262 1342 361 1417 studii
389 1352 422 1412 et
448 1342 574 1414 laboris
602 1343 754 1412 intortio
778 1340 923 1411 editione
947 1337 1138 1408 adornanda
1161 1339 1390 1434 impendimus.

262 1457 440 1553 Spriacum
468 1466 621 1527 veterem
650 1456 747 1525 trium
774 1455 1021 1546 lgrmtianarum
1058 1455 1272 1547 epistolarum
1301 1479 1390 1527 ver-

261 1574 391 1643 sionem
427 1575 459 1640 in
495 1572 697 1640 monasterio
732 1568 876 1661 quodum
910 1567 1063 1660 Aogppli
1101 1567 1265 1639 detectam
1302 1580 1335 1639 et
1371 1594 1390 1640 a

268 1685 452 1755 Ceretano
475 1684 591 1775 Angla
618 1706 645 1753 a.
672 1681 769 1754 1845
799 1681 920 1751 editam
952 1679 1051 1768 (vce
1079 1686 1230 1751 crucient
1253 1683 1391 1777 Syriae

259 1804 407 1871 version
448 1798 497 1893 cf
533 1795 594 1866 tde
635 1790 782 1893 &pistico
823 1795 872 1887 cf
906 1800 1011 1863 saint
1044 1793 1218 1892 [paratino
1254 1807 1292 1867 to
1334 1797 1389 1868 St.

260 1912 470 2010 Polycarp,
521 1910 582 1981 the
626 1909 834 2006 Ephesiam
881 1907 961 1979 and
1007 1905 1068 1982 tlte
1108 1907 1279 1980 Romarm
1326 1921 1389 1982 etc.

259 2027 413 2113 Londom
433 2026 656 2118 Rivingtons)
677 2047 751 2093 cum
774 2045 901 2116 graeco
923 2032 1016 2094 textu
1035 2034 1150 2093 nostro
1172 2024 1390 2113 contulimus;

259 2142 441 2213 secundum
481 2136 687 2209 Jacodcom‘
725 2137 902 2207 editionem
944 2136 1078 2207 Petrum
1115 2138 1389 2233 Apostolicorum

259 2257 386 2345 (Onon.
427 2254 534 2323 1840.
570 2255 590 2323 2
623 2253 717 2341 tom.)
753 2253 877 2322 utiliter
909 2251 1133 2340 adhibuimus,
1168 2253 1389 2324 animadver-

259 2372 373 2441 siones
410 2368 570 2439 lucrinis
612 2364 742 2438 Caroli
782 2363 973 2439 Theodori
1011 2363 1101 2438 otro
1142 2369 1174 2437 in
1213 2367 1389 2461 epistolam

259 2482 301 2553 ud
337 2482 540 2576 Diognetum
577 2491 610 2552 et
643 2480 807 2551 lectiones
841 2485 1011 2553 variantes
1046 2480 1173 2551 codicis
1207 2484 1388 2576 Argento-

258 2601 400 2667 ratensis
430 2597 471 2668 ab
500 2600 572 2691 ipse
600 2595 725 2683 collati,
753 2595 808 2666 ubi
835 2596 1024 2681 videbatur,
1051 2598 1085 2667 iu
1114 2618 1209 2667 usum
1237 2606 1388 2668 nostrum

259 2715 488 2782 convertimus
517 2719 580 2780 etc.
608 2719 671 2779 etc.

362 2824 471 2894 Novis
506 2827 596 2894 curis
633 2822 777 2917 denique
815 2833 930 2918 quartu
965 2824 1048 2895 haec
1085 2823 1186 2895 editio
1215 2823 1388 2896 elaborata

258 2948 319 3011 est.
386 2939 532 3009 'lextum
568 2937 678 3009 multis
715 2937 819 3026 locis,
854 2943 1052 3032 praesertim
1089 2942 1127 3009 in·
1163 2938 1313 3034 epistolis
1354 2940 1388 3009 S.

259 3051 400 3145 Ignatii,
447 3063 584 3123 veteres
632 3055 809 3124 versiones
850 3051 1027 3146 Syriacum
1076 3061 1110 3122 et
1148 3054 1386 3124 Armeniacum

261 3167 388 3262 (nuper
415 3192 434 3239 a
461 3169 684 3241 Petermunno
713 3166 854 3256 editam)
884 3165 1097 3252 adhibentes,
1134 3166 1387 3238 emendavimus

260 3290 294 3351 et
330 3286 580 3353 arrnotntionum
616 3283 733 3373 majori
766 3302 906 3351 numero
935 3279 1182 3351 illustravimus.
1235 3281 1271 3351 ln
1300 3303 1388 3351 ver-

260 3397 356 3466 sione
385 3396 484 3466 latina
513 3395 635 3490 ubique
663 3417 799 3465 sensum
827 3404 1018 3465 sanctorum
1042 3393 1175 3465 Patrum
1200 3398 1389 3465 accuratius

215 3557 217 3562 ,
260 3512 453 3602 exprimere
482 3512 592 3579 conati
620 3531 746 3598 sumus,
772 3508 1020 3602 Prolegomena
1048 3519 1081 3579 et
1108 3509 1236 3580 indices
1264 3507 1389 3602 ampli-

118 3685 131 3704 ,,
259 3622 434 3693 sicetvimus
463 3634 496 3694 et
523 3626 755 3710 correximus,
787 3632 819 3692 et
847 3644 932 3716 quae
962 3646 982 3693 a
1009 3626 1092 3696 viris
1121 3621 1227 3693 doctis
1254 3626 1288 3692 iu
1316 3646 1388 3693 rem

259 3746 408 3806 nostram
437 3736 600 3829 disputata
628 3745 734 3824 erant,
761 3737 795 3805 in
814 3735 1071 3829 Prolegomenis
1092 3744 1126 3806 et
1148 3739 1234 3807 notis
1257 3759 1388 3832 propo-

259 3851 395 3918 suimus.
449 3848 598 3920 lllnximo
637 3848 689 3918 hic
725 3850 798 3918 usui
832 3850 929 3921 nobis
967 3851 1102 3921 fuerunt
1135 3854 1305 3922 numerosi
1342 3850 1389 3921 illi

259 3958 347 4048 libri,
375 3965 430 4055 qui
454 3986 472 4032 a
495 3966 579 4033 viris
602 3961 804 4032 doctissimis
830 3962 950 4034 ultimis
973 3964 1024 4036 his
1047 3968 1142 4036 annis
1165 3965 1208 4035 de
1229 3964 1388 4060 operibus

259 4072 393 4145 Puteum
412 4075 687 4170 Apostolicorum
710 4079 743 4146 in
767 4098 896 4167 genere
917 4088 951 4148 et
970 4082 1152 4173 praecipue
1176 4077 1217 4150 de
1237 4077 1388 4173 epistolis

260 4187 295 4258 S.
321 4188 442 4281 Ignatii
470 4193 651 4285 conscripti
686 4200 771 4262 sunt
824 4190 1014 4262 Laudamus
1042 4194 1239 4286 praesertim

289 4304 328 4389 l)
374 4301 547 4400 Corpus
573 4300 909 4395 Iguctr'ouam:
937 4328 962 4374 a
990 4304 1170 4402 complete
1193 4301 1388 4374 collection

366 4418 416 4513 cf
431 4416 492 4488 the
513 4415 698 4510 Ignatiau
720 4418 896 4514 Epaatlec,
923 4423 1096 4511 genitrice,
1119 4413 1386 4513 tnrnpotaeed,

366 4531 445 4601 arrd
468 4537 662 4630 spuriae&
690 4533 866 4625 together
887 4532 977 4604 with
1000 4556 1198 4604 numerous
1217 4541 1389 4604 extracto

357 4646 471 4740 srcm
494 4644 605 4732 them,
635 4670 679 4717 os
702 4645 841 4742 qtrcted
867 4644 915 4742 oy
942 4644 1218 4718 ecclecr'crtr‘cal
1240 4652 1389 4719 wrr'terr

366 4760 474 4831 down
495 4770 534 4829 te
558 4759 620 4830 tle
640 4760 744 4832 tenth
765 4772 922 4856 century
929 4791 942 4847 ,·
969 4766 1007 4831 r'u
1027 4765 1204 4855 cyriae,
1233 4762 1387 4856 greck,

367 4873 459 4944 arrd
478 4872 495 4944 l
501 4898 525 4943 n
535 4880 627 4945 tin.-
650 4900 701 4946 ore
716 4874 861 4968 englt'cd
882 4873 1111 4947 trarmlatr’on
1125 4877 1175 4970 of
1184 4876 1246 4949 tlte
1259 4882 1389 4972 syriae

367 4997 470 5074 teet,
519 4993 672 5090 copr'ouc
711 4998 837 5076 ποίεε,
886 4988 966 5059 arrd
1011 4990 1287 5075 introducam,
1340 4986 1387 5083 dy
