3067 6450
188 1160 236 1219 ΑΙ)
256 1156 473 1228 olonnensia]
623 1156 880 1212 enotaootban's.
1030 1199 1033 1205 .
1202 1160 1319 1217 Lxxxtx

187 1323 299 1388 acriter
329 1321 386 1383 illis
417 1320 543 1383 infestos
575 1320 717 1382 uidemus.
762 1319 940 1382 Praesertim
964 1318 1093 1382 Corinthi
1123 1320 1258 1384 haeresis
1290 1325 1345 1385 et'

188 1427 355 1490 doctrinam
390 1434 420 1488 et
453 1425 611 1488 ecclesiam
641 1424 830 1490 christianam
863 1426 892 1487 in
923 1426 1087 1507 periculum
1119 1428 1255 1509 vocavit,
1288 1435 1318 1490 et

188 1533 288 1596 cuncti
312 1531 434 1610 artetes,
461 1533 587 1593 maxime
610 1531 743 1611 episcopi
766 1537 796 1592 et
820 1530 966 1591 ecclesiae
990 1530 1149 1610 doctores,
1173 1538 1204 1594 ut
1226 1532 1319 1613 lgna-

187 1637 247 1701 tius
267 1637 481 1714 tutin-benus,
505 1637 684 1717 Polycarpus
708 1643 737 1698 et
760 1641 864 1698 auctor
881 1636 1026 1717 epistolae
1045 1644 1148 1699 sancto
1165 1637 1319 1701 Barnabae

187 1739 369 1822 adscriptae,
396 1741 503 1802 bellum
527 1748 630 1802 contra
654 1724 803 1801 ludaistus
826 1741 913 1801 valde
936 1741 991 1802 sibi
1015 1741 1151 1823 religioni
1175 1743 1318 1807 habuere.

186 1845 332 1909 Nonnulli
362 1846 391 1906 in
422 1843 630 1926 impugnandis
653 1844 774 1905 ludaeis
805 1845 888 1925 ipsos
916 1845 1025 1907 limites
1054 1847 1186 1926 justitiae
1218 1855 1319 1910 trans·

186 1951 288 2033 gressi
313 1957 341 2011 et
365 1968 424 2012 non
449 1949 544 2012 sulum
569 1968 694 2011 errores
715 1950 908 2027 ludaeorum,
932 1950 985 2011 sed
1010 1952 1097 2012 etiam
1121 1952 1319 2016 institutiones

187 2074 205 2118 a
229 2055 299 2117 Deo
324 2054 501 2132 adornatas,
528 2053 803 2133 circumcisionem,
826 2056 965 2134 sabbata,
989 2055 1134 2119 sacrificia
1158 2061 1213 2117 etc.
1239 2059 1319 2119 vitu-

187 2177 299 2243 perare
323 2167 352 2221 et
375 2160 595 2242 superstitionis
618 2177 761 2221 accusare
784 2161 848 2222 ausi
871 2167 940 2222 sunt
967 2157 1013 2242 (e.
1037 2180 1067 2242 g.
1092 2160 1217 2242 epistola
1241 2160 1319 2225 Bar-

186 2261 315 2347 naboe).
360 2245 501 2329 Secundo
524 2270 619 2325 autem
644 2263 721 2326 bello
744 2263 870 2326 ludaico
900 2272 1022 2346 peracto
1053 2265 1162 2327 nullum
1194 2267 1320 2346 amplius

187 2368 390 2434 Judaistarum
421 2370 586 2453 periculum
612 2367 721 2447 adsuit,
752 2368 882 2449 ideoque
905 2369 1073 2431 vehementi
1097 2371 1152 2432 ista
1175 2369 1319 2434 ludaismi
1358 2358 1360 2361 ¹

186 2476 413 2558 impugnatione
446 2474 602 2536 desinente
633 2475 728 2554 prisca
761 2473 809 2535 illa
845 2479 875 2535 et
907 2473 1070 2554 apostolica
1104 2475 1216 2535 veteris
1249 2474 1319 2538 loe-

188 2579 272 2643 deris
294 2582 459 2643 aestimatio
489 2580 566 2661 apud
597 2578 784 2650 orthodoxos
807 2580 909 2640 Patres
939 2578 1044 2657 rediit,
1076 2579 1217 2660 imprimis
1240 2580 1317 2662 apud

187 2687 219 2753 S.
236 2685 392 2748 Justinum.
423 2685 513 2746 lmmo
538 2683 642 2747 iisdem
666 2685 859 2766 temporibus,
878 2686 940 2766 jarn
964 2690 1032 2745 ante
1050 2689 1078 2744 et
1095 2685 1172 2745 circa
1191 2685 1318 2748 medium

186 2791 324 2855 seculum
347 2789 520 2866 secundum,
545 2789 705 2853 orthodoxi
729 2790 830 2852 Patres
852 2789 1049 2850 institutiones
1062 2788 1197 2870 judaicas
1214 2791 1318 2854 contra

187 2893 365 2973 (laustinus,
390 2895 615 2976 Carpocratem,
638 2894 814 2972 Basiliden,
840 2893 979 2976 Ophites,
1007 2894 1190 2974 potissimum
1214 2903 1317 2958 contra

186 3002 380 3067 Marcionitas
412 3000 574 3063 defendere
606 3007 635 3061 ct
664 3000 791 3085 divinam
815 3018 917 3061 earum
941 2998 1088 3079 originem
1112 2998 1317 3061 demonstrare

187 3108 277 3171 ualde
310 3107 512 3167 necessarium
542 3112 689 3187 putarunt.
734 3104 781 3167 Ex
813 3104 897 3166 dictis
926 3112 1066 3186 apparet,
1098 3103 1252 3185 epistotam
1280 3102 1317 3165 ad

188 3213 382 3294 Diognetum,
406 3230 494 3293 quum
517 3230 576 3273 nun
600 3213 697 3275 solum
720 3212 961 3291 superstitiones
982 3199 1137 3285 ludaicas',
1161 3206 1214 3270 sed
1238 3208 1317 3288 ipsas

190 3320 320 3382 dininas
351 3319 463 3379 veteris
493 3315 625 3379 foederis
656 3320 854 3380 institutiones
882 3319 1033 3398 impugnet
1055 3312 1100 3396 ¹),
1132 3331 1191 3375 non
1215 3319 1318 3375 sancto

189 3424 308 3487 lustiuo
335 3421 577 3499 adscribendam,
608 3421 662 3485 scil
693 3424 786 3504 priori
816 3423 855 3484 illi
887 3420 1012 3500 tempori
1043 3420 1120 3479 inter
1142 3418 1266 3498 priunum
1290 3422 1320 3477 et

190 3529 356 3594 secundum
380 3527 489 3589 bellum
508 3527 659 3609 judaicum
684 3526 997 3610 assignandamesse.

277 3634 446 3711 Praeterea,
470 3641 501 3694 ut
520 3632 552 3694 V.
575 3632 606 3694 C.
628 3632 767 3694 Semirch
791 3629 829 3713 (l.
848 3650 872 3692 c.
888 3649 916 3711 p.
935 3624 1016 3712 119)
1040 3634 1150 3705 monet,
1174 3624 1319 3708 epistolae

190 3748 312 3807 nostrae
336 3746 440 3802 auctor
463 3738 548 3799 aliter
563 3755 599 3799 ac
614 3737 747 3800 lustinus
765 3736 803 3798 de
822 3734 986 3797 idololatria
1003 3733 1140 3814 disputat.
1184 3730 1319 3793 lustinus

191 3848 269 3912 enim
285 3862 469 3928 paganorum
483 3842 558 3904 deos
574 3843 693 3924 spiritus
707 3849 786 3925 putat
798 3840 919 3903 realiter
935 3838 1099 3900 existentes
1115 3832 1318 3920 (doemones)

191 3970 226 4014 ac
259 3953 289 4013 in
324 3951 427 4012 statuis
463 3949 699 4031 imaginibusque
733 3950 796 4009 suis
828 3963 1038 4024 nunnunquam
1073 3940 1254 4019 habitantes,
1288 3947 1319 4005 ut

191 4055 342 4119 bominum
366 4055 515 4135 excipiant
537 4050 701 4135 oblatal);
732 4053 843 4115 Noster
873 4069 965 4127 vero,
999 4049 1072 4119 tales
1105 4048 1226 4129 spiritus
1258 4064 1318 4109 non

192 4179 382 4244 agnoscens,
413 4159 454 4221 uil
485 4160 540 4221 nisi
571 4159 667 4241 ligna,
697 4158 810 4239 lapides
843 4139 1012 4219 etmetulla
1036 4173 1051 4215 a
1075 4153 1235 4235 gentilibus
1259 4152 1318 4215 coli

193 4264 346 4329 contendit
362 4261 403 4347 ³).

229 4490 255 4554 l]
277 4487 329 4541 Cir.
343 4505 409 4557 quae
422 4490 564 4540 monuimus
581 4490 604 4540 in
617 4487 744 4555 Titbinger
771 4503 796 4553 p.
817 4487 850 4536 50
870 4489 905 4552 (p.
925 4471 958 4535 59
976 4482 1020 4549 b).
1052 4482 1125 4550 spot.
1144 4483 1180 4551 ll,
1200 4486 1225 4536 5.
1246 4502 1270 4553 p.
1284 4485 1319 4537 92

196 4574 384 4639 Quanalschriit
406 4576 479 4627 1846.
504 4591 528 4642 ρ,
548 4577 599 4626 465
627 4581 653 4624 et
677 4589 742 4641 quae
771 4574 810 4641 (p.
829 4573 862 4623 44
882 4570 922 4638 BJ.

197 4673 282 4717 eontra
308 4679 362 4715 nos
399 4664 537 4731 disputavit
566 4666 742 4734 hoffmannus
805 4661 833 4722 3)
858 4658 905 4727 Ep.
931 4658 961 4710 ad
987 4657 1079 4726 Dioqn.
1106 4675 1128 4709 c.
1147 4658 1171 4709 2.
1208 4656 1318 4709 Uberius

197 4751 214 4803 l.
230 4768 253 4803 c.
273 4768 297 4820 p.
319 4752 342 4801 5.
771 4749 803 4800 da
832 4748 882 4798 hoc
909 4754 1057 4813 argoruento
1083 4746 1265 4811 disputavimus
1293 4745 1318 4796 in

770 4834 877 4903 Tribing.
897 4832 1090 4896 Quartalsrbrilt
1114 4831 1188 4882 tato.
1214 4845 1238 4896 p.
1258 4830 1316 4880 464.

230 4924 367 4987 attauhu
387 4879 460 4993 hpol.
480 4923 499 4989 l,
515 4922 539 4975 5,
559 4940 584 4990 p.
604 4922 636 4972 46
656 4925 692 4989 (p.
709 4923 742 4973 55
770 4923 819 4974 Cir.
834 4922 993 4986 objectiones
1013 4919 1165 4987 lluffrnauns'
1181 4916 1197 4968 l.
1212 4933 1233 4967 c.
1253 4932 1278 4984 p.
1291 4916 1316 4968 4.

202 5009 290 5078 l).E.).
318 5013 338 5077 l,
357 5010 382 5066 9.
402 5028 427 5079 p.
440 5013 473 5064 48
493 5022 529 5080 tp.
545 5012 578 5061 57
592 5010 633 5079 C).
660 5009 681 5074 l,
701 5009 742 5061 12.
766 5007 796 5061 'et
815 5006 953 5063 ottoniel.
973 5023 995 5057 c.
1015 5022 1040 5072 p.
1061 5006 1165 5071 trsqq.
1189 5075 1193 5082 .

1056 5092 1109 5155 [rsa
