3067 6450
141 1184 170 1239 a
188 1182 337 1255 ruram]
377 1162 381 1171 ’
578 1186 833 1244 raoeeoonann
1193 1196 1269 1251 cxix

140 1343 321 1425 flutuantes,
351 1346 550 1430 presbytero
573 1348 818 1433 Congregatione
841 1352 870 1418 S.
894 1353 1004 1433 Mauri,
1034 1355 1064 1418 in
1088 1351 1270 1432 Appendicc

142 1451 188 1512 ud
210 1448 291 1513 Acta
310 1452 482 1531 primorum
505 1453 675 1535 Martyrum
697 1456 823 1518 sincero
842 1466 934 1538 utque
954 1461 1076 1524 selectu.
1123 1458 1269 1523 Graecum

140 1560 242 1616 autern
277 1555 335 1617 hoc
368 1558 523 1638 exemplar
556 1576 623 1621 cum
660 1558 780 1640 antiqua
815 1565 955 1625 versione
991 1563 1102 1626 codicis
1136 1562 1269 1636 calensis

139 1660 273 1722 maxime
289 1663 463 1739 convenire,
480 1664 574 1726 cuivis
592 1683 631 1726 ex
647 1661 810 1726 leviuscula
827 1664 987 1727 collatione
1000 1667 1085 1730 tacite
1101 1676 1218 1732 constat
1232 1665 1269 1751 ¹).

229 1763 300 1827 Post
332 1762 504 1828 lluinartum
539 1767 698 1850 praecipue
730 1767 874 1847 Grabius,
909 1769 1039 1854 litigius,
1070 1773 1210 1836 Smithius
1240 1779 1270 1836 et

138 1867 331 1930 Jacohsonos
354 1870 429 1932 Acta
451 1877 571 1952 nostra,
593 1872 719 1953 mendis,
743 1891 821 1955 quae
843 1875 951 1955 passim
975 1875 1167 1958 irrepserant,
1192 1877 1269 1939 sub·

140 1972 221 2049 latis,
244 1972 408 2036 ediderunt

229 2078 262 2141 ll.
307 2079 382 2141 uera
411 2078 504 2156 iaec,
537 2086 570 2143 ut
599 2098 665 2143 oum
698 2080 821 2146 Smitlriu
850 2081 971 2163 loquar,
1006 2101 1047 2162 „a
1079 2081 1269 2148 familiaribus

140 2181 171 2246 S.
188 2179 304 2264 Ignatii,
327 2183 378 2264 qui
394 2182 551 2246 Antiochia
567 2183 688 2248 llomunr
704 2205 801 2268 usque
822 2187 901 2249 illum
926 2193 995 2250 sunt
1017 2189 1156 2266 comitati,
1178 2195 1268 2270 atqua
1319 2265 1322 2270 Ι

140 2288 220 2350 illius
244 2287 344 2350 ultimo
369 2298 398 2351 et
414 2291 541 2353 maxime
558 2290 693 2373 glorioso
715 2292 805 2374 agoni
825 2290 999 2369 interfuere,
1022 2292 1171 2376 descripta
1188 2311 1268 2372 esse,

138 2393 231 2454 multa
256 2393 284 2452 in
308 2392 380 2473 ipsis
404 2393 486 2455 Actis
511 2393 539 2455 id
562 2395 782 2458 testatissimum
813 2396 949 2458 reddunt.
995 2396 1027 2459 ln
1054 2397 1099 2458 his
1123 2398 1200 2460 enim
1224 2398 1269 2459 siu

138 2498 312 2578 loquuntur,
335 2498 385 2578 qui
411 2517 445 2560 ea
469 2499 573 2561 litteris
598 2499 763 2562 tradidere:
787 2489 897 2579 Ἡμεῖς
918 2494 975 2578 μὲν
995 2490 1124 2573 ἄκοντες
1144 2487 1265 2583 encycl-

137 2603 244 2681 μεθα,
274 2595 433 2673 στένοντες
454 2595 511 2665 e’nl
533 2601 580 2684 τῷ
602 2596 660 2687 ἀφ’
681 2594 767 2687 ἡμῶν
787 2600 930 2684 μέλλοντι
952 2610 1105 2691 χωρισμῳ
1133 2604 1194 2668 τοῦ
1215 2602 1266 2670 δι·

137 2703 231 2769 nolon
254 2700 396 2790 γίνεσθαι
413 2704 453 2790 ²).
499 2708 536 2771 Et
559 2709 707 2771 nonnullis
731 2710 894 2791 interjectis
917 2712 972 2771 snb
1000 2708 1105 2772 finem:
1141 2699 1267 2772 Τούτων

138 2802 300 2875 αὐτόπται
322 2808 477 2893 γενόμενοι
494 2809 535 2895 ³).
580 2812 679 2890 llaec,
710 2813 844 2893 inuitam,
876 2812 993 2894 aliaque
1010 2810 1042 2896 ⁴)
1062 2822 1154 2876 extra
1178 2833 1266 2877 omne

139 2916 259 2979 dubium
290 2923 418 3000 ponunt,
448 2935 464 2978 a
494 2917 523 2980 S.
546 2916 650 2999 ignatii
682 2917 837 2979 comitibus
867 2919 940 2979 Acta
971 2917 1139 3000 hujusmodi
1172 2916 1265 2981 luisse

138 3021 323 3101 perscripta;
354 3029 385 3083 et
416 3020 534 3102 nitidem
564 3039 624 3083 non
647 3022 738 3102 longe
762 3028 830 3103 post
853 3023 944 3104 ipsius
970 3025 1264 3103 consummationem,

137 3132 168 3187 et
192 3126 349 3204 proximo,
379 3132 411 3186 ut
441 3126 678 3188 verisimillimum
703 3126 835 3202 videtur,
867 3145 962 3202 nnno;
994 3128 1062 3188 dum
1087 3145 1136 3189 res
1160 3133 1264 3209 gestae

140 3250 207 3294 curn
225 3232 314 3292 totius
331 3231 443 3292 itineris
459 3232 575 3293 ratione
592 3232 619 3292 in
636 3233 750 3294 recenti
763 3232 879 3294 littelins
896 3233 1077 3294 inhaeserint
1092 3231 1262 3293 memoria.“

231 3335 319 3414 „lllos
353 3343 448 3397 aetem
485 3334 577 3398 luisse
607 3336 758 3397 Philonem
794 3343 823 3396 et
858 3335 1104 3416 Agathopodeim
1139 3352 1265 3414 quorum

138 3441 271 3502 meminit
300 3439 503 3502 sanctissimus
528 3438 638 3519 llartyr
669 3441 698 3499 in
730 3437 863 3517 epistolia
893 3438 928 3498 ael
957 3440 1139 3519 Smyrnaeus
1170 3444 1199 3498 et
1227 3436 1264 3499 ad

138 3544 412 3625 Ptntmnpnenses,
436 3542 513 3605 huiic
530 3542 715 3629 Antioohiaej
740 3542 818 3602 illnm
841 3559 916 3603 vero
938 3541 1094 3603 Tarsensis
1118 3540 1265 3603 ecciesiae

139 3646 306 3723 diaconum,
330 3651 421 3710 vira
445 3663 593 3726 quoquam
618 3646 741 3708 debitori
765 3653 814 3707 aut
837 3651 1003 3725 potestant
1025 3644 1158 3740 debetf‘·
1182 3644 1264 3705 Hec-

138 3759 227 3814 tenus
249 3752 394 3815 Snritlrius.
440 3749 611 3812 Gellandius
628 3747 660 3831 ⁵)
684 3749 782 3825 addit,
806 3749 917 3811 Plriloui
941 3756 970 3811 et
994 3748 1182 3830 Agathopnili
1206 3745 1264 3808 ad·

134 3856 321 3936 jungendum
356 3856 458 3918 saltem
495 3874 562 3917 esse
597 3857 766 3917 nominatim
801 3863 831 3917 et
865 3853 1010 3931 Crocum,
1048 3856 1098 3934 qui
1129 3860 1263 3915 sanctum

137 3962 296 4044 Martyrem
320 3961 439 4024 Romam
463 3979 560 4042 usque
582 3967 746 4050 associatos
770 3958 863 4020 luisse
888 3959 1058 4071 nerhilgetur
1074 3952 1120 4037 ⁶).-

227 4066 270 4127 lll.
303 4066 490 4128 Antiocntico
505 4072 534 4126 et
550 4068 678 4146 genuina
696 4072 855 4127 censentur
869 4064 941 4125 Acta
959 4068 1058 4123 nostra
1076 4064 1112 4122 ab
1128 4060 1262 4139 Usscriu,

135 4169 314 4248 flodoeno,
344 4169 504 4245 Botriano,
535 4168 662 4246 Granio,
692 4167 897 4243 Tillemontlo‚
925 4166 1103 4241 pearsonio,
1126 4164 1260 4242 Srnittrio,

134 4274 305 4353 cotelerio,
328 4273 491 4337 Marnachio
510 4266 557 4356 7),
580 4272 734 4336 Gellandio
750 4268 802 4356 ⁸),
825 4271 974 4352 lumpero
991 4265 1041 4354 ⁹),
1063 4269 1198 4332 lltihlero
1217 4264 1262 4350 ¹⁰)

175 4497 202 4565 l)
224 4500 309 4551 Grata
327 4504 354 4549 et
370 4500 456 4551 Smttt
473 4495 490 4550 l.
509 4496 526 4550 l.
545 4513 567 4551 c.
587 4515 610 4550 e.
749 4498 778 4560 7)
797 4492 914 4562 Origines
925 4502 951 4547 et
960 4494 1080 4564 Antiquit.
1090 4492 1173 4546 christ.
1185 4491 1211 4545 T.
1219 4490 1261 4545 m.

171 4584 200 4642 25
222 4582 323 4648 liertyr.
342 4583 395 4652 Igu.
415 4600 439 4637 c.
458 4584 482 4635 5.
714 4599 739 4651 p.
758 4582 818 4634 tot.
837 4582 896 4634 tot.

172 4670 201 4739 3)
220 4667 283 4720 tntu.
303 4686 326 4723 c.
345 4670 371 4722 7.
748 4668 778 4731 8)
802 4666 920 4719 Biblioth.
946 4666 1044 4720 Patrem
1070 4666 1097 4719 T.
1117 4667 1135 4720 1.
1160 4665 1261 4735 Proleg.

171 4757 200 4822 4)
220 4754 247 4806 Ε,
256 4773 281 4823 g.
291 4757 446 4817 emersum
455 4760 506 4810 τοῖς
514 4751 623 4817 ar’ilrtmnic
631 4773 653 4815 c,
661 4754 686 4808 6.
713 4771 737 4823 p.
758 4752 797 4805 [Χ
814 4771 869 4822 sqq.

170 4842 199 4905 5)
219 4839 602 4895 arithmeticorum
622 4840 686 4894 Pro·
747 4841 777 4909 9]
796 4842 856 4893 niae
876 4838 953 4892 theol.
973 4841 1027 4892 crit.
1053 4837 1081 4890 T.
1099 4836 1129 4889 ll.
1155 4852 1181 4905 p.
1198 4835 1259 4889 428.

132 4928 185 4997 leg.
206 4944 231 4995 p.
251 4926 299 4980 mn
711 4927 771 4980 433.

170 5015 199 5081 6)
219 5013 267 5084 sp.
284 5013 338 5083 Igu.
357 5014 389 5069 ad
407 5014 479 5069 Rom.
499 5031 523 5068 c.
543 5015 583 5069 10.
732 5014 776 5081 10)
795 5011 888 5066 Patrol.
907 5012 935 5068 T.
953 5011 974 5066 l.
993 5030 1018 5082 p.
1036 5010 1088 5063 408
1104 5026 1143 5082 aq.
