3067 6450
179 1874 507 1993 ΑΝθΝΥΜΙ
552 1874 708 1989 Vibi
754 1875 1205 1994 neostoutct

340 2100 599 2185 urrsrom
633 2102 695 2183 m
733 2099 1052 2187 otouuurm.

618 2315 772 2327 ——

473 2453 492 2516 l.
536 2453 692 2534 Diopneti·
710 2452 922 2533 quaestiones.

223 2577 319 2652 Ouum
342 2582 390 2655 te,
418 2573 622 2657 'amplissime
645 2576 812 2659 Diogneto,
837 2573 924 2637 valde
947 2575 1063 2654 videam
1087 2578 1262 2658 studiosum,

134 2682 265 2745 divinum
277 2681 512 2745 Christianorum
530 2682 639 2744 cottum
657 2680 871 2763 cognoscendi,
888 2687 918 2742 et
933 2689 1071 2746 accurate
1084 2683 1263 2765 diiigenter·

134 2804 195 2868 que
218 2785 506 2868 percontantem-de
530 2786 604 2865 iltis,
628 2786 674 2849 cui
700 2786 763 2848 Deo
787 2785 991 2866 considentes,
1016 2806 1164 2868 quemque
1187 2787 1264 2850 reti-

133 2893 256 2974 gionem
279 2891 424 2970 colentes,
448 2890 586 2953 mundum
603 2892 697 2972 ipsum
715 2898 914 2972 aspernentur
937 2910 1051 2972 omnes,
1075 2898 1263 2972 mortemque
1364 2965 1366 2969 ¹

132 3002 334 3074 contemnent,
358 3014 414 3058 nec
433 3014 497 3075 eos,
521 2998 572 3078 qui
588 3014 604 3057 u
621 2996 744 3058 Graccis
761 2996 800 3058 dii
816 3003 964 3077 putantur,
983 3016 1038 3079 pro
1055 2996 1110 3059 diis
1127 2998 1263 3076 babeant,

133 3120 191 3165 nec
208 3101 390 3164 Judueorum
407 3103 648 3184 superstitionem
666 3102 838 3178 observent,
862 3120 980 3182 quoquc
1001 3101 1143 3163 charitate
1165 3105 1262 3162 mutua

134 3189 398 3287 commoveantur,
429 3212 459 3269 et
481 3226 535 3270 cur
558 3202 696 3270 ²novum
720 3207 778 3270 boe
801 3225 897 3291 genus
925 3213 975 3270 out
1002 3208 1162 3269 institutum
1185 3224 1264 3270 nunc

136 3311 254 3375 demum
277 3314 464 3395 apparuerit,
495 3330 530 3375 ec
553 3330 613 3376 non
637 3313 720 3394 prius
729 3334 738 3388 ;
771 3316 923 3392 occeptum
955 3318 1038 3373 certe
1062 3311 1159 3373 habeo
1183 3317 1263 3374 tuum

135 3417 196 3480 boc
219 3416 398 3479 desiderium
416 3413 445 3496 ³,
470 3417 625 3498 Deumque
649 3435 743 3501 rogo,
774 3418 824 3498 qui
847 3416 1041 3497 obloquendi
1069 3423 1099 3478 et
1122 3415 1263 3479 audiendi

135 3522 225 3587 nobis
249 3521 415 3584 fucultatem
438 3523 623 3604 suppeditat,
655 3530 686 3586 ut
709 3523 745 3586 eb
770 3540 807 3584 eo
831 3521 934 3600 detur,
965 3522 1033 3583 mibi
1056 3520 1192 3601 quidem,
1225 3521 1264 3583 itr

136 3628 230 3690 verbu
260 3625 377 3705 iacere,
409 3634 440 3689 ut
469 3625 522 3689 ⁴is
553 3629 603 3710 qui
634 3627 745 3689 audivit
771 3628 873 3708 utique
895 3626 1089 3701 meliorum,
1123 3623 1180 3687 ὕει
1202 3624 1263 3703 tibi,

138 3733 178 3794 ita
203 3732 316 3811 uudire,
339 3740 370 3795 ut
394 3733 509 3796 tristitia
534 3751 593 3797 uon
617 3732 761 3796 uiticiutur
783 3733 819 3808 is,
844 3731 895 3812 qui
917 3731 1009 3793 verbu
1034 3728 1114 3793 tecit.

500 4029 533 4093 11.
583 4029 714 4093 Venitur
735 4029 901 4093 idolorum.

226 4152 295 4237 Age
325 4155 431 4236 igitur,
461 4148 645 4236 ⁶postquum
676 4153 802 4236 teipsum
834 4170 850 4213 u
882 4149 996 4213 cunctis
1023 4148 1265 4232 cogitationibus,

137 4262 267 4319 mentem
290 4265 368 4320 tuem
401 4260 705 4340 praeoccupantibus,
737 4258 932 4340 purgaveris,
962 4261 991 4318 et
1018 4256 1266 4319 consuetudinem

138 4369 169 4425 te
193 4361 391 4445 decipientem
414 4364 572 4446 objeceris,
596 4371 626 4427 et
650 4364 745 4427 fuctus
770 4361 872 4439 tueris,
894 4360 974 4424 velut
994 4361 1030 4424 ab
1053 4362 1146 4440 initio,
1169 4377 1266 4422 novus

138 4568 207 4638 quod
232 4568 347 4621 defendit
370 4572 500 4625 Marones
525 4572 550 4621 iu
577 4569 688 4622 editione
716 4567 863 4637 perticulam
894 4583 927 4616 τε.
973 4565 1024 4619 Cir.
1055 4566 1200 4621 Hermann.
1233 4565 1265 4616 ud

139 4654 251 4724 Operum
271 4656 296 4707 S.
315 4656 414 4708 Jurtini.
717 4656 804 4725 Vigor.
822 4672 848 4724 p.
868 4652 918 4706 836
938 4661 964 4704 ct
982 4656 1011 4708 J.
1032 4656 1062 4708 0.
1081 4656 1128 4707 Tb.
1148 4655 1206 4707 Otto
1227 4652 1267 4714 (iu

174 4742 205 4811 5)
222 4743 274 4791 Σοί
298 4761 330 4791 re.
366 4743 404 4795 lte
430 4744 534 4796 codices
559 4746 625 4795 meti.
661 4744 688 4796 lu
717 4744 779 4795 edit.
794 4742 903 4811 Operum
919 4744 948 4795 S.
963 4742 1070 4795 Justini
1087 4738 1115 4791 T.
1126 4737 1155 4789 tt.
1170 4755 1194 4804 p.
1205 4736 1266 4788 tet.

141 4829 253 4882 editione
280 4830 393 4883 secunda
426 4847 452 4879 rr
484 4831 510 4882 iu
544 4828 572 4880 ut
604 4839 689 4883 muto·
718 4830 777 4882 Not.
800 4831 854 4894 7.),
883 4836 910 4879 et
939 4828 963 4877 in
990 4825 1056 4876 libro
1084 4827 1207 4894 Epistola
1235 4825 1269 4877 ud

140 4918 231 4968 mmor.
268 4916 319 4968 Sed
344 4916 409 4985 upud
431 4919 568 4986 scriptores
587 4933 690 4987 quoqne
718 4922 814 4988 ttiopn.
834 4915 874 4967 ed.
892 4912 923 4965 11.
948 4913 1022 4964 1852.
1041 4926 1066 4978 p.
1085 4909 1127 4962 83.

140 5003 261 5060 classicos
284 5004 330 5068 prbr
349 5019 429 5076 saepe
446 5014 595 5075 sequentem
613 5005 691 5057 hebet
753 5002 783 5071 6)
802 5000 853 5056 Cir.
872 5000 966 5068 pree.
986 4998 1012 5064 ⁴,
1032 4998 1063 5050 21
1083 5012 1138 5071 sqq.
