3067 6450
542 1178 723 1235 ιιιιιιιιι
740 1181 908 1236 ιιιιιοιι.
934 1183 989 1238 ιι.
1283 1188 1326 1254 3³

201 1335 282 1418 qood
307 1357 365 1401 non
388 1345 512 1420 possent
533 1342 669 1419 serrari,
692 1341 748 1404 nisi
773 1360 827 1423 pec
850 1361 933 1426 spem
957 1343 986 1405 in
1013 1341 1120 1405 ¹ittunr.
1166 1343 1200 1405 Et
1219 1343 1247 1405 in
1266 1344 1326 1408 atio

200 1441 347 1524 propheta
370 1442 456 1506 dicit:
480 1440 575 1506 ²toto
596 1444 647 1506 die
669 1447 811 1525 expandi
828 1467 939 1510 monos
959 1467 1042 1510 meas
1059 1447 1101 1508 od
1112 1448 1258 1527 papulam
1275 1450 1325 1510 in-

198 1547 374 1624 credulum,
390 1555 421 1610 et
436 1549 697 1611 contradicentem
713 1551 785 1612 aiae
797 1552 907 1629 justae
923 1571 1016 1613 meae.
1054 1550 1091 1613 Et
1106 1552 1212 1612 iteruin
1225 1551 1325 1615 Moses

200 1648 272 1713 iacit
287 1649 410 1733 figuram
425 1650 498 1714 Jesn
523 1647 558 1734 (³
570 1651 651 1732 quod
667 1671 810 1734 passuros
833 1661 931 1734 esset,
955 1661 984 1717 et
1000 1657 1087 1717 vitam
1112 1652 1326 1735 ¹praebiturus
1379 1712 1381 1717 .

200 1754 285 1835 ipse,
309 1773 396 1835 quern
419 1755 558 1838 potabant
582 1774 708 1819 necasse
732 1759 760 1818 in
786 1754 902 1840 ¹signo
923 1756 1057 1840 crucis‚)
1082 1757 1207 1821 cadente
1224 1759 1326 1822 lsrael.

200 1853 374 1931 ‘Quoniam
398 1859 475 1921 eninn
498 1865 650 1939 peceatum
671 1877 725 1940 per
744 1867 915 1940 serpentem
939 1863 967 1924 in
984 1861 1046 1923 Eva
1070 1863 1205 1943 contigit,
1230 1862 1327 1925 etiecit

202 1961 302 2039 Deos,
332 1969 364 2024 ot
386 1963 484 2024 cuncti
507 1969 663 2044 serpentes
694 1963 866 2025 rnorderent
891 1982 962 2039 eos3
996 1970 1025 2025 et
1048 1965 1265 2038 moriebantur,
1298 1970 1328 2026 ut

202 2073 346 2148 argueret
374 2083 446 2142 eos,
483 2065 562 2145 quod
593 2073 718 2148 propter
749 2073 869 2147 peccata
898 2086 951 2129 soa
983 2069 1010 2128 in
1041 2070 1193 2149 angustias
1225 2069 1328 2131 orontis

202 2176 306 2233 ment
329 2168 472 2232 tradendi.
517 2170 653 2251 Denique
676 2171 797 2249 Moses,
827 2173 877 2252 qui
908 2179 1118 2253 praeceperat:
1151 2167 1240 2233 ¹non
1269 2172 1330 2233 erit

202 2272 290 2336 nobis
314 2292 412 2353 neque
435 2274 597 2354 sculptile,
620 2293 718 2355 neque
740 2271 896 2351 conflatile
917 2277 948 2335 in
967 2275 1065 2337 Deam
1088 2284 1240 2352 oestrum,
1265 2277 1329 2356 ipso

202 2377 231 2440 iri
256 2377 343 2455 iacit,
367 2385 400 2441 ot
422 2375 561 2440 ostendat
584 2377 709 2460 ligoram
725 2377 808 2441 Jesu.
847 2379 928 2441 Facit
948 2397 1022 2461 ergo
1039 2380 1137 2442 itoses
1157 2387 1328 2461 serpentem

202 2501 345 2560 aeneum,
376 2500 412 2544 ao
434 2481 560 2546 collocat
582 2482 610 2544 in
634 2476 758 2558 ¹³trabe,
790 2492 877 2563 atque
900 2501 955 2563 per
978 2501 1157 2563 praeconem
1181 2489 1329 2545 convocat

202 2587 354 2669 poputum.
400 2585 583 2670 Congregati
606 2588 696 2669 igitur
717 2587 840 2649 orabant
863 2587 978 2664 Mosen,
1003 2595 1033 2649 ut
1057 2606 1112 2668 pro
1136 2590 1208 2670 ipsis
1231 2589 1326 2650 sacri-

202 2692 325 2770 icaret,
348 2691 514 2773 deprecans
537 2711 593 2774 pro
616 2692 772 2755 sanatione
796 2710 909 2753 eororn.
952 2691 1031 2753 Dixit
1054 2699 1151 2753 autern
1168 2692 1268 2754 Moses
1292 2691 1328 2753 ad

202 2797 287 2859 iilos:
321 2790 458 2878 ’puam,
491 2798 601 2877 inquit,
624 2797 742 2877 aliquio
765 2815 807 2859 ee
830 2797 921 2859 rota
944 2816 1065 2858 morsus
1085 2794 1200 2874 faerit,
1225 2798 1330 2858 veniat

203 2902 248 2963 od
270 2910 442 2979 serpentem
461 2901 494 2961 in
514 2901 598 2983 iipno
614 2902 770 2979 positam,
795 2910 824 2963 et
847 2903 957 2963 credat
979 2909 1070 2981 atque
1092 2909 1213 2980 speret,
1236 2900 1328 2980 qnod,

203 2988 278 3068 iicet
296 3005 347 3067 nte
362 3023 425 3067 non
441 3006 537 3080 oioat,
554 3012 657 3083 poteri
674 3006 771 3068 oitom
786 3014 951 3086 praestare
961 3026 972 3077 ,·
995 3013 1024 3066 et
1041 3004 1200 3082 confertim
1217 3022 1329 3065 screo-

204 3110 297 3174 iitorr.
342 3110 441 3190 Atque
465 3112 502 3173 ita
524 3108 679 3172 faciebant.
726 3109 824 3172 Habes
847 3111 933 3172 etionn
956 3109 984 3172 in
1009 3108 1066 3170 hoc
1088 3107 1215 3190 gloriam
1237 3106 1312 3168 iesu
1319 3128 1329 3182 ς

202 3213 284 3297 qood
309 3208 376 3276 ¹⁰in
400 3215 465 3296 ipso
488 3220 558 3277 sont
580 3215 677 3277 ornain
701 3220 731 3277 et
754 3215 782 3276 in
806 3204 910 3296 ipsum.
957 3212 1033 3287 Ouid
1051 3213 1155 3274 iterum
1173 3210 1241 3272 dicit
1258 3210 1327 3273 Μο-

202 3338 254 3383 ses
277 3318 444 3397 odiosae,
469 3320 558 3381 titium
577 3320 689 3397 Navae,
713 3319 875 3400 quantilli,
898 3317 1080 3399 prophetae,
1108 3314 1129 3351 ¹¹
1146 3313 1175 3376 id
1198 3315 1326 3376 norninis

202 3419 315 3508 [Josue
334 3449 372 3480 =
389 3419 496 3506 iesus]
519 3424 702 3503 imponeret,
727 3422 796 3484 ideo
820 3421 933 3497 sotum,
958 3427 989 3482 ot
1013 3421 1108 3483 omnis
1129 3418 1255 3499 populos
1277 3420 1326 3479 in-

202 3528 370 3609 telligeret,
400 3527 515 3589 Patrem
540 3525 577 3588 de
600 3526 660 3589 titio
686 3522 711 3565 ¹¹
727 3543 784 3587 suo
807 3523 880 3586 Jesu
904 3528 1010 3586 concta
1034 3519 1238 3584 manifestasse
1267 3519 1326 3583 irtio

201 3631 331 3696 Novae?
375 3629 514 3712 imposito
538 3632 627 3712 igitur
650 3649 688 3693 eo
712 3630 849 3706 nomine,
879 3626 999 3708 quondo
1022 3624 1100 3687 misit
1124 3643 1190 3685 eunt
1214 3624 1242 3684 in
1268 3640 1327 3684 ex-

201 3734 384 3816 ploratorem
406 3740 505 3797 terrae
528 3731 693 3819 [Canoan],
722 3730 745 3771 ¹³
760 3732 849 3795 dixit:
877 3727 903 3770 ¹⁴
915 3732 1023 3812 accipe
1040 3728 1153 3791 libram
1169 3728 1202 3789 in
1217 3746 1328 3788 manae

201 3846 286 3915 ntae,
302 3846 333 3900 et
345 3839 458 3917 scribe,
476 3858 556 3919 quae
573 3840 652 3901 dicit
662 3838 836 3901 Dominae:
854 3834 1017 3897 radicibus
1033 3834 1247 3895 cerciaaaranr
1262 3849 1329 3893 esre

198 3943 299 4023 titiane
310 3943 372 4005 Dei
389 3945 422 4006 in
438 3943 619 4007 novissimis
635 3942 746 4005 diebos
760 3960 879 4005 omnem
895 3941 1017 4002 doniam
1029 3936 1177 3999 Amaleci.
1216 3932 1329 3997 ¹¹Ecce
1448 3961 1460 3984 ν

200 4065 335 4110 rursum:
359 4065 419 4110 non
442 4048 518 4111 fitius
542 4046 679 4123 hominis,
702 4045 756 4107 sed
776 4045 831 4108 Dei
851 4043 927 4106 titius
946 4042 1046 4118 iesus,
1070 4041 1121 4121 qui
1141 4042 1170 4101 in
1197 4035 1328 4119 ¹¹t'1gura

201 4150 284 4213 etin
306 4168 398 4214 carna
420 4150 564 4234 apparuit.
610 4148 756 4223 Oooniorn
784 4166 858 4211 vero
883 4147 988 4211 dicturi
1016 4150 1101 4208 erant
1121 4138 1154 4224 ¹¹,
1181 4143 1328 4206 christum

235 4305 266 4369 9)
284 4304 359 4357 Nom.
378 4305 422 4390 21,
440 4303 457 4354 9
475 4319 531 4374 sqq.
795 4302 861 4365 ,12)
886 4296 972 4350 Airai
990 4314 1021 4351 ax
1040 4304 1091 4350 vet.
1111 4298 1201 4363 interp.
1220 4294 1263 4346 lat.
1284 4309 1328 4344 ro-

778 4389 859 4440 stitoit
875 4391 956 4438 Fun.

237 4434 284 4500 10)
304 4431 402 4487 colon.
417 4435 441 4499 1,
461 4434 507 4487 161
525 4430 551 4482 ἓν
569 4427 635 4499 orr’rpi
652 4428 753 4495 taetrae,
816 4472 847 4524 ¹3

200 4517 233 4569 u*
254 4518 338 4570 mim
422 4522 463 4569 καὶ
487 4521 519 4580 οἷς
542 4516 618 4569 αὐτόν
641 4520 751 4568 ἔκτισται

202 4605 352 4661 (31.11οιι.
373 4607 441 4671 12.
815 4646 860 4713 tt)
879 4644 961 4697 Exod.
983 4642 1025 4707 17,
1046 4641 1086 4694 tt.

239 4738 284 4802 11)
308 4740 392 4792 ionae
416 4746 489 4789 antea
507 4739 580 4791 Aua
603 4733 751 4799 vocabatur,
816 4733 860 4796 15)
880 4731 916 4783 tta
930 4730 1015 4784 Fettur
1033 4736 1059 4779 et
1071 4723 1215 4779 Gattnndinr
1232 4735 1264 4771 ex
1276 4725 1328 4772 nat.

202 4832 229 4877 et
253 4823 396 4893 appellator
424 4832 463 4876 eat
480 4827 567 4877 Joeue
585 4821 635 4889 (π
655 4821 752 4888 ieeur),
779 4821 888 4886 interp:
908 4834 974 4871 eece.
1012 4814 1055 4866 tt..
1075 4813 1097 4861 ot
1115 4810 1156 4866 δι’.
1174 4808 1250 4860 mate.

201 4919 229 4964 at
247 4920 325 4980 typos
343 4918 411 4963 esset
429 4909 527 4982 Christi.
557 4907 608 4959 cn.
624 4907 695 4959 Itum.
710 4908 752 4971 13,
816 4904 862 4971 16)
881 4902 932 4955 Cic.
953 4901 963 4953 1
982 4899 1044 4951 Tim.
1064 4898 1090 4961 ³,
1111 4896 1150 4948 16.

203 4998 244 5051 tt.
280 5000 387 5053 Jaotin.
407 4994 472 5049 utut.
491 5012 513 5048 c.
533 4993 626 5063 Tryph.
648 5010 672 5046 ιι.
695 4993 751 5045 113.
818 4992 861 5053 17)
882 4988 923 5039 Sc.
943 4990 1086 5042 Jaiairtae
1104 4997 1151 5035 iau
1169 4980 1317 5033 Eiionitu.

256 5102 323 5143 ιιιικ
336 5106 400 5152 mr.
415 5100 452 5140 ιι.
467 5098 501 5138 n.
1098 5068 1117 5133 3

850 4483 860 4537 )
875 4471 940 4521 Eine
952 4487 984 4523 ex
996 4479 1047 4522 vet.
1060 4472 1152 4536 interp.
1165 4466 1208 4519 iat.
1221 4465 1330 4518 restituit

780 4562 876 4612 Conon.
