3067 6450
336 1183 475 1242 ΗΕΒΜΛΕ
495 1186 630 1242 eustos.
667 1186 764 1241 LIBER
783 1187 813 1242 ll.
849 1187 997 1243 UANDAT.
1016 1188 1058 1245 IV.
1196 1195 1257 1259 351

127 1325 223 1416 mavit
247 1371 294 1415 me
317 1352 438 1435 dignum
463 1369 542 1429 esse,
566 1322 597 1412 ud
619 1368 734 1412 mecum
758 1348 876 1437 habitess
897 1369 1032 1431 semper3
1055 1371 1147 1434 pauca
1169 1354 1260 1417 verba

131 1457 203 1520 mihi
228 1455 380 1536 edissere,
412 1457 478 1536 quia
502 1475 562 1518 non
585 1455 719 1536 intelligo
743 1455 918 1536 quidquam,
950 1463 980 1518 et
1003 1476 1056 1520 cor
1080 1477 1176 1521 meum
1201 1460 1259 1522 ob·
1365 1479 1374 1487 ⁷

131 1570 260 1627 turatum
292 1571 339 1625 est
368 1582 385 1625 a
415 1562 539 1643 pristina
570 1561 817 1634 conversatione3
853 1567 883 1622 et
913 1579 1033 1624 sensum
1067 1563 1136 1624 mihi
1167 1563 1259 1643 aperi,

131 1668 201 1748 quia
227 1666 420 1729 vehementer
443 1666 567 1728 obtusus
590 1684 673 1742 sum,
701 1671 731 1726 et
754 1665 782 1726 in
807 1671 899 1728 totum
922 1667 992 1729 nihil
1015 1667 1177 1749 intelligo.“
1225 1667 1260 1730 Et

130 1770 322 1853 respondens
345 1771 418 1835 dixit
441 1769 528 1832 mihi:
555 1788 635 1851 „ego
664 1766 875 1849 ¹praepositus
898 1788 963 1832 sum
991 1772 1207 1852 poenitentiae,
1230 1779 1259 1834 et

131 1877 269 1939 omnibus
308 1875 518 1956 poenitentiam
556 1874 714 1956 agentibus
748 1891 870 1957 sensum
908 1874 955 1937 do.
1002 1872 1077 1938 ²An
1113 1896 1172 1940 non
1207 1877 1258 1939 tibi

131 1980 267 2059 videtur,
290 1981 502 2062 poenitentiam
525 1997 617 2062 agero
641 1997 775 2061 magnam
798 1979 971 2060 sapientiam
995 1998 1081 2057 esse;
1109 1983 1256 2061 quoniam,

131 2088 183 2167 qui
206 2086 416 2168 poenitentiam
439 2085 510 2166 agit,
533 2101 653 2146 sensum
677 2102 815 2165 magnum
837 2083 1032 2164 adipiscitur?
1071 2085 1164 2148 Sentit
1180 2087 1256 2149 enim

130 2212 167 2257 se
183 2209 327 2273 peccasse
342 2197 372 2253 et
389 2189 498 2252 iecisse
513 2190 650 2271 nequiter
666 2188 695 2250 in
711 2196 876 2270 conspectu
888 2188 1016 2267 Domini,
1037 2197 1064 2252 et
1081 2189 1258 2253 recordatur
1326 2236 1334 2243 -

130 2296 302 2374 intellectu,
334 2294 413 2376 quod
438 2293 575 2373 deliquit,
604 2299 634 2354 et
656 2293 865 2372 poenitentiam
889 2293 966 2375 agit,
995 2294 1172 2375 etamplius
1196 2312 1256 2358 non

131 2408 275 2484 operatur
298 2403 444 2483 nequiter,
466 2398 519 2462 sed
542 2405 683 2480 operatur
707 2399 794 2475 bene,
819 2406 849 2460 et
869 2398 1000 2461 humitiat
1022 2400 1146 2463 animam
1162 2418 1256 2480 suana,

131 2513 163 2569 et
188 2511 305 2588 torquet
328 2525 410 2594 eom,
440 2507 507 2585 quia
531 2505 675 2586 peccarit.
722 2502 812 2564 Vides
840 2521 932 2584 ergo,
963 2503 1043 2584 quod
1073 2505 1256 2586 poenitentis

131 2629 242 2674 sensus
265 2618 310 2672 est
332 2610 485 2693 magnus.“
532 2609 567 2671 Et
591 2608 652 2670 dixi
675 2609 731 2671 iili:
764 2613 906 2689 „propter
929 2607 1004 2686 hoc,
1028 2607 1163 2688 domine,
1187 2609 1256 2672 diii-

131 2722 242 2798 genter
265 2716 382 2795 inquiro
406 2716 519 2792 omnia,
553 2714 690 2794 quoniam
714 2720 855 2794 peccator
876 2731 962 2789 sum3
994 2720 1024 2775 ut
1047 2715 1154 2794 sciam,
1178 2735 1256 2795 queo

131 2838 255 2901 operer,
278 2827 308 2881 et
331 2821 445 2897 aivam3
469 2821 537 2901 quia
560 2819 648 2880 muita
672 2825 741 2880 sunt
760 2825 881 2900 peccata
898 2819 992 2881 mea.“
1031 2819 1068 2881 Et
1085 2819 1157 2883 dixit
1173 2822 1261 2884 mitri.-

133 2926 251 3004 „vives,
275 2926 300 2986 si
323 2926 397 2988 haec
419 2925 553 2989 mandata
577 2943 641 2985 ntea
666 2923 860 2999 custodieris3
885 2930 915 2985 et
936 2924 1114 3006 quicumque
1130 2927 1257 2989 audierit

132 3038 162 3093 et
186 3029 292 3092 fecerit
315 3028 448 3091 mandata
471 3029 562 3107 haec,
585 3029 667 3090 vivet
690 3016 785 3090 Deo.“

220 3134 265 3196 111.
287 3134 324 3196 Et
347 3133 408 3195 dixi
431 3134 486 3196 ilii:
516 3135 623 3213 „etiam
647 3151 734 3210 nunc,
759 3130 893 3209 domine,
917 3131 1015 3196 audivi
1040 3153 1056 3196 a
1079 3134 1255 3215 quibusdam

132 3238 315 3317 doctoribus,
331 3238 412 3320 quod
436 3236 511 3302 ³aiia
529 3238 711 3320 poenitentia
727 3254 787 3298 non
805 3242 859 3314 est,
875 3238 932 3298 nisi
948 3238 1005 3315 itia,
1023 3257 1087 3300 curn
1105 3240 1132 3300 in
1150 3258 1255 3318 aquam

132 3345 342 3407 descendimus
376 3350 405 3406 et
435 3346 593 3426 accipimus
624 3342 832 3404 remissionem
860 3347 1050 3421 peccatorum
1076 3348 1255 3422 nostrorum,

131 3450 257 3512 ulterius
280 3468 340 3511 non
363 3467 511 3532 peccare,
536 3450 589 3513 sed
613 3451 641 3511 in
666 3448 801 3510 castitate
824 3446 1029 3527 permanerc.“
1061 3445 1098 3508 Et
1113 3447 1153 3508 ait
1169 3448 1255 3511 mihi:

132 3561 236 3633 „recte
260 3554 376 3617 audisti.
410 3555 496 3617 Nunc
518 3560 625 3632 autem,
648 3555 716 3635 quia
740 3553 899 3637 diiigenter
921 3553 1018 3615 ornriia
1043 3549 1202 3634 ‘'inquiris,
1227 3560 1256 3616 et

131 3659 187 3722 hoc
212 3660 264 3721 tibi
287 3660 476 3735 demonstro,
508 3677 568 3721 non
592 3659 666 3722 dans
690 3660 880 3722 occasionem
905 3654 1007 3734 ⁵iilis‚
1038 3658 1088 3738 qui
1112 3657 1255 3722 credituri

131 3769 209 3842 sunt,
233 3770 282 3825 out
298 3764 347 3845 qui
371 3760 488 3827 ⁶modo
506 3762 696 3826 crediderunt
712 3764 849 3825 Domino.
885 3756 968 3836 ⁷Qui
985 3762 1062 3823 enim
1074 3763 1135 3843 jam
1152 3761 1255 3825 credi·

131 3869 249 3947 derunt,
273 3877 322 3931 aut
346 3870 397 3951 qui
421 3869 562 3933 credituri
583 3876 662 3947 sunt,
686 3868 898 3949 poenitentiam
916 3872 1105 3947 peccatorum
1122 3885 1181 3928 non
1198 3867 1255 3930 ha·

131 3972 218 4053 bent,
248 3973 303 4035 sed
326 3975 541 4038 remissionem.
587 3974 647 4037 iliis
670 3969 793 4055 ⁸enim,
823 3973 874 4054 qui
897 3973 994 4036 vocati
1017 3978 1086 4034 sunt
1108 3979 1177 4035 ante
1199 3973 1255 4036 hos
1306 3991 1309 4000 ’

166 4162 194 4231 1)
215 4160 265 4215 cn.
290 4179 366 4230 supra
387 4166 503 4217 Prooem.
523 4163 597 4229 hujus
615 4164 678 4215 libri.
740 4165 769 4226 d)
789 4162 825 4215 ita
843 4162 928 4215 Lamb.
966 4161 1032 4215 tut:
1052 4167 1168 4232 pirama.

164 4249 193 4314 2)
212 4250 283 4301 liaeo
307 4251 338 4301 ad
363 4266 464 4301 sensum
484 4250 581 4318 profert
600 4255 678 4305 Clean.
742 4253 771 4318 5)
793 4250 833 4301 Sc.
853 4253 962 4319 saepius
979 4253 1118 4319 peccandi,
1137 4260 1164 4302 ut
1181 4267 1256 4320 supra

130 4338 207 4391 Atax·
228 4336 319 4388 Strom.
333 4336 364 4400 ii,
380 4335 419 4387 12.
432 4352 457 4402 p.
470 4336 522 4387 458
535 4337 575 4387 ad.
590 4337 679 4389 Venet.
707 4354 729 4388 c.
752 4336 775 4386 1.
795 4353 819 4404 p.
840 4335 900 4386 350.
921 4344 973 4387 not.
993 4336 1018 4387 5.

165 4424 195 4491 3)
223 4421 263 4475 Ab
293 4422 385 4475 Herma
421 4423 583 4491 distinguitur
615 4426 681 4475 inter
741 4424 770 4485 6)
790 4424 865 4477 Modo
884 4421 954 4473 addit
971 4420 1058 4474 anb.

128 4513 317 4563 rescissionem
345 4518 508 4577 peccatorum
537 4519 562 4562 et
584 4513 679 4579 poeni·
742 4510 772 4577 7)
791 4509 810 4561 1.
823 4525 846 4560 e.
861 4510 980 4578 baptizati
993 4509 1034 4559 vei
1048 4509 1191 4578 boptiaandi
1205 4524 1255 4561 nou

130 4600 246 4651 tantiam.
282 4595 355 4648 Prior
379 4613 426 4665 per
445 4598 613 4666 Baptismum
631 4598 679 4647 tri·
707 4595 1018 4666 tabennensiotarum,
1045 4597 1091 4647 sad
1110 4599 1254 4649 remissio·

130 4680 226 4747 buitur,
244 4684 370 4752 posterior
389 4685 470 4738 semet
482 4684 510 4734 iis
523 4685 680 4749 conceditur,
707 4701 765 4736 nem
784 4693 956 4751 peccatorum,
975 4683 1032 4751 quia
1048 4681 1144 4750 absque
1156 4679 1255 4747 lebori-

130 4772 172 4838 qui
198 4779 257 4838 post
280 4770 428 4839 baptismum
450 4770 474 4821 iu
499 4778 606 4839 peccata
624 4780 681 4823 aunt
705 4769 754 4821 bus
781 4786 811 4820 ac
838 4772 928 4839 poenis
954 4768 1133 4820 satisfactionis
1159 4781 1254 4819 consa·

131 4856 236 4925 delapsi.
263 4856 333 4908 Hanc
352 4857 538 4909 distinctionem
551 4856 603 4922 jam
617 4857 679 4911 Cle·
707 4866 815 4924 quuutur
834 4859 942 4909 veniam.
975 4857 1071 4906 Carsu.

131 4941 679 5012 mensAlax.agnovit‚quiiocumnostruns
741 4944 771 5010 8)
791 4943 933 5011 Expectes:
964 4952 1058 4996 autam.
1102 4939 1255 4992 Particuiam

132 5028 217 5081 iaudat
235 5029 260 5102 1.Ι
272 5046 294 5081 c.
314 5045 340 5099 p.
359 5030 419 5083 459.
438 5030 478 5083 ed.
499 5030 589 5084 Vanet.
707 5029 773 5084 male
797 5032 874 5086 vortit
896 5037 968 5084 vatus
986 5028 1123 5098 lntarpraa.
1159 5026 1255 5081 aenam
