3067 6450
522 1172 702 1228 amonem
721 1173 887 1230 nrrsrom.
914 1175 956 1231 xi
974 1175 1028 1230 ιιι.
1295 1181 1334 1247 31

212 1331 318 1396 ¹iloec
340 1332 509 1416 signidoant
532 1330 610 1397 ²vas
633 1335 753 1418 spiritus
778 1336 860 1417 eJ'us,
884 1334 964 1415 quod
990 1318 1134 1417 propbeta
1158 1335 1335 1418 magnificat.

208 1436 325 1500 Deinde
348 1437 417 1519 quid
442 1437 533 1500 dicit?
571 1436 638 1501 ἘΙ
660 1450 729 1501 arnt
750 1438 865 1518 fluctus
887 1460 906 1501 a
926 1442 1040 1502 deutra
1059 1438 1170 1518 fluens,
1193 1449 1224 1511 et
1240 1460 1281 1503 ea
1301 1462 1336 1503 eo

207 1542 405 1623 emergebant
425 1542 556 1605 arborea
576 1544 744 1621 pulchrae:
765 1552 796 1606 et
817 1544 992 1624 quicunque
1014 1564 1055 1605 ea
1074 1545 1139 1613 iiiia
1162 1546 1335 1608 mandaca-

206 1648 299 1722 oerit,
319 1648 404 1708 oinct
419 1647 453 1707 in
468 1654 634 1709 aeternum.
673 1648 736 1710 tioo
753 1649 802 1725 ait,
820 1647 899 1727 quod
916 1665 972 1709 nos
990 1646 1198 1712 descendimus
1217 1648 1336 1730 quidem

205 1752 236 1814 in
252 1770 360 1833 aquam
381 1750 461 1833 pleni
479 1751 611 1832 peccatis
627 1770 662 1814 ee
676 1752 833 1826 sordibus;
857 1751 926 1813 iude
945 1757 1042 1814 autem
1065 1753 1244 1834 emergimus
1266 1753 1335 1815 iru-

206 1863 285 1920 etnm
308 1856 487 1934 atterentes,
510 1856 540 1918 in
565 1854 657 1918 corde
680 1857 817 1918 timorem
840 1861 869 1916 ot
893 1856 922 1917 in
945 1857 1050 1936 spiritu
1074 1873 1157 1936 spem
1181 1856 1209 1918 in
1231 1855 1334 1920 iesum

205 1961 358 2024 hebentes.
397 1961 437 2021 Et
451 1962 626 2041 quicunque
641 1979 682 2022 ec
698 1961 762 2023 illia
784 1960 1040 2036 manducaverit,
1065 1961 1148 2020 viaet
1172 1961 1204 2020 in
1230 1970 1333 2023 aeter·

204 2084 287 2127 num.
333 2064 365 2127 id
388 2065 473 2127 dicit:
505 2065 686 2145 quicumque
714 2082 768 2128 eos
798 2064 925 2128 audierit
952 2059 1146 2143 ⁴vocantes,
1179 2070 1208 2126 et
1231 2065 1334 2128 credi·

205 2168 300 2248 derit,
323 2170 404 2232 vivet
427 2169 457 2231 in
479 2175 666 2250 perpetuum.

203 2359 264 2423 xtt
314 2359 403 2422 Crux
428 2359 547 2422 Cbrr'rti
575 2378 669 2440 sarpa
692 2360 726 2421 in
754 2359 784 2422 V.
812 2359 844 2421 T.
869 2361 1066 2423 annuntiata
1111 2361 1209 2425 Joaae
1239 2370 1332 2444 typar

705 2464 833 2527 Cbristi.

291 2583 431 2647 Similiter
453 2589 482 2646 et
501 2602 621 2647 crucem
642 2584 788 2668 significat
811 2587 839 2649 in
862 2586 922 2650 atio
944 2586 1089 2669 propbeta
1113 2586 1249 2651 dicente:
1274 2587 1332 2651 ⁶et

201 2689 330 2771 quando
361 2689 439 2753 boec
468 2690 788 2753 consummabantur?
833 2686 902 2752 ⁶Et
931 2692 1009 2753 aicit
1040 2691 1210 2755 Dominus:
1239 2713 1332 2775 qaum

201 2795 321 2875 tignum
342 2794 527 2857 inclinatum
547 2789 731 2878 [succisum]
762 2797 865 2857 (tenuo
887 2804 1022 2858 erectum
1049 2798 1239 2876 constiterit,
1275 2793 1332 2862 'ot

202 2918 294 2980 geum
315 2901 355 2961 de
377 2887 615 2980 tigno‘aangrris
637 2901 814 2963 stillaverit.
859 2901 958 2964 Habes
982 2902 1086 2964 iterum
1110 2901 1148 2963 de
1167 2920 1276 2981 cruce,
1299 2910 1330 2966 et

201 3003 240 3068 de
257 3022 314 3083 eo,
338 3004 469 3084 quierat
488 3003 571 3067 cruci
593 3002 782 3086 affigendus,
804 3008 1019 3089 praesagium·
1048 3005 1156 3069 Adbuc
1174 3026 1250 3071 vero
1274 3006 1329 3071 imo

201 3108 239 3172 de
257 3128 293 3171 re
312 3108 380 3171 dicit
396 3109 425 3171 in
442 3109 541 3186 Mose,
565 3108 683 3189 quando
699 3110 791 3172 lsrael
810 3112 1037 3194 impugnabatur
1056 3111 1092 3172 ab
1116 3106 1327 3194 ⁸atienigenis.

201 3211 237 3276 Bt
252 3219 283 3276 ut
299 3207 568 3277 commonefaceret
585 3232 649 3293 eos,
674 3217 753 3296 quod
775 3225 897 3298 propter
916 3222 1039 3299 peccata
1063 3235 1116 3279 sua
1141 3217 1329 3280 traderentur

200 3317 237 3382 ad
260 3325 403 3398 mortem,
427 3317 464 3380 ad
482 3337 536 3382 cor
552 3319 734 3382 ttosisetcn
752 3322 890 3401 spiritus,
915 3327 945 3382 ut
969 3320 1056 3382 iaciat
1078 3320 1203 3402 figuram
1227 3323 1327 3384 crucis

198 3425 338 3506 atejus,
368 3424 418 3504 qni
442 3428 505 3485 erat
527 3441 689 3505 passurus;
722 3426 808 3504 quia,
839 3428 865 3487 si
888 3426 917 3487 in
941 3425 1019 3486 bunc
1045 3442 1105 3487 non
1129 3427 1327 3506 speraverim,

199 3523 256 3591 ’in
279 3534 456 3610 perpetuum
479 3529 643 3591 vincenter.
681 3529 784 3592 Posuit
805 3529 903 3609 itaque
918 3527 1019 3590 btoses
1040 3545 1121 3589 arma
1138 3545 1230 3608 super
1246 3546 1326 3591 arma

198 3632 349 3696 inmedio
381 3628 409 3671 ¹⁰
421 3632 560 3714 aggeris,
592 3639 623 3695 et
654 3651 758 3697 omnes
789 3631 1015 3714 supereminens
1050 3650 1153 3694 manus
1183 3632 1325 3711 extendit,

202 3735 221 3776 ¹¹
235 3739 340 3819 sicque
356 3756 461 3800 rursus
476 3736 630 3801 israelitae
649 3740 814 3800 vincebant.
857 3737 953 3810 Quum
974 3744 1072 3799 antem
1092 3736 1197 3798 iterum
1221 3754 1324 3799 manus

196 3840 382 3922 demittebat,
412 3843 518 3905 itemm
541 3841 765 3905 occidebantur.
816 3842 877 3905 Cur
899 3841 984 3905 boc‘t
1028 3841 1065 3904 Ut
1093 3848 1324 3925 cognoscerent,

196 4049 227 4103 ab
245 4058 396 4118 macuto
416 4048 538 4117 epistotae
555 4056 657 4101 nostrae
670 4065 746 4118 pror·
810 4048 855 4116 10)
873 4047 943 4117 1147,
962 4071 996 4096 =
1016 4046 1088 4116 πάγη,
1107 4050 1184 4102 torua
1196 4051 1324 4103 cacatum

194 4151 238 4190 m
255 4137 349 4189 atiena.
773 4136 839 4204 apud
870 4134 979 4201 fleayob.
1017 4140 1095 4187 b'oes.
1147 4133 1191 4186 bin
1222 4137 1323 4202 πηγμῆς,

229 4224 260 4292 7)
278 4220 318 4274 Ex
336 4222 378 4276 tv.
397 4222 494 4277 Eadm
513 4222 539 4286 5,
558 4223 582 4274 5.
724 4263 727 4269 ,
773 4222 847 4274 maie.
861 4226 1017 4272 Munianus:
1028 4218 1322 4287 apyparoetatatatum.

227 4307 744 4378 ept.0.nnaea.nxot.1r‚s·qq.
771 4314 877 4362 Nonne:
904 4308 998 4373 πυγμῆς
1015 4326 1050 4356 =
1066 4323 1191 4377 papum,
1215 4324 1321 4361 mue.

193 4393 246 4449 cn.
266 4399 371 4450 teatin.
391 4394 458 4448 biit.
484 4413 508 4448 c.
527 4393 619 4462 Tryph.
638 4410 663 4445 n.
685 4396 743 4446 111.
771 4395 798 4446 ln
817 4395 882 4447 tibro
901 4393 983 4445 Exodi
1005 4394 1045 4457 tn,
1062 4391 1078 4442 9
1097 4392 1216 4461 legimur,
1235 4393 1322 4445 diosna

191 4498 219 4550 p.
236 4481 297 4535 aot.
332 4486 402 4537 Part.
421 4484 478 4535 adv.
498 4481 556 4535 iud.
576 4497 599 4532 c.
621 4481 660 4531 10.
685 4482 743 4533 adv.
770 4483 797 4533 in
822 4485 880 4534 toro
905 4482 1013 4535 caretro
1037 4480 1153 4544 atatim,
1181 4479 1240 4531 ideo
1264 4493 1321 4530 cum

193 4568 269 4621 itare
288 4567 338 4634 nt,
361 4570 398 4621 18.
427 4569 472 4621 ubi
495 4569 572 4620 iidem
591 4570 645 4637 typi
663 4584 742 4636 repe·
770 4567 861 4620 Vooaio
885 4563 959 4632 ripae
983 4564 1119 4634 legendum
1143 4574 1211 4631 puto.
1248 4562 1320 4615 Coo·

193 4656 299 4709 riantur.
727 4691 731 4698 ·
765 4653 866 4719 jactura
886 4652 1004 4705 [tectorio
1022 4651 1098 4704 Notio
1122 4652 1204 4703 minus
1226 4649 1320 4717 piacet,

226 4742 256 4809 9)
285 4744 318 4795 ln
342 4750 499 4812 perpetuum
526 4742 681 4805 vincentur,
708 4740 741 4790 ita
769 4742 828 4808 quia
845 4740 930 4791 tiore·
948 4754 1036 4791 manus
1061 4735 1137 4789 ermis
1155 4744 1260 4788 onustos
1278 4734 1320 4786 rix

192 4836 218 4879 ut
236 4843 364 4897 uunquam
383 4829 509 4879 victorum
518 4825 607 4894 jugum
620 4832 742 4877 ueutere
768 4828 894 4894 potuisset
912 4824 1061 4876 extendero.

190 4914 302 4981 panim
327 4929 384 4966 uam
407 4913 473 4965 baec
497 4919 537 4963 eat
560 4910 686 4963 interdum
703 4912 741 4965 nir
804 4912 849 4978 11)
868 4911 957 4964 Stabat
974 4912 1051 4979 igitur
1069 4910 1095 4960 in
1113 4907 1194 4961 iermn
1211 4905 1301 4958 crucis.

190 5000 263 5055 verbi
281 5001 440 5065 naeporpac
475 5000 594 5051 cucero·
