3067 6450
277 1203 353 1261 llll!
714 1196 969 1253 rnotsuousrtn.
1208 1195 1405 1267 [sussum

278 1381 339 1430 uon
352 1364 413 1446 jorn
430 1362 550 1427 ineunte
566 1360 668 1424 seculo
685 1358 829 1438 secundo,
845 1356 899 1420 sed
917 1358 1133 1440 posterioribus
1150 1356 1269 1420 demunt
1285 1365 1406 1440 ternpo-

278 1471 361 1533 ribus
377 1470 520 1553 viguisse.
557 1468 588 1530 ld
605 1487 622 1530 a
639 1486 712 1530 vero
729 1465 939 1528 alienissimum
956 1481 1025 1526 esse
1040 1461 1198 1525 liutherus
1215 1459 1256 1546 ¹),
1272 1463 1406 1545 Drister·

280 1574 371 1637 diocle
394 1573 431 1656 (l.
455 1570 500 1655 c.)
524 1580 555 1635 et
580 1571 754 1634 Uolturnus
778 1568 815 1651 (l.
839 1588 864 1631 c.
887 1588 915 1650 p.
939 1568 999 1632 281
1026 1565 1111 1651 sqq.)
1134 1567 1386 1631 demonstrarunt

366 1675 402 1760 o)
434 1678 458 1739 E
488 1677 621 1759 pluribus
651 1677 728 1738 eninr
759 1674 950 1756 epistolarum
981 1672 1055 1735 loeis
1086 1679 1227 1754 apparet,
1264 1673 1406 1735 haereses

279 1782 351 1846 istas
383 1788 524 1844 recenter
555 1787 676 1844 exortos
707 1796 778 1841 esse
809 1785 839 1841 et
868 1778 904 1842 od
933 1796 1069 1860 magnoin
1101 1778 1159 1841 vim
1191 1776 1327 1840 nondum
1360 1778 1408 1839 in·

279 1887 419 1949 voluisse.
464 1886 631 1949 Nonnullae
666 1885 801 1947 civitates
832 1879 878 1966 (e.
908 1901 938 1965 g.
968 1878 1124 1964 Ephesus)
1155 1881 1253 1944 adhuc
1283 1883 1323 1943 nb
1356 1881 1409 1942 huo

279 1997 366 2073 peste
389 1991 475 2072 plane
499 1991 611 2054 liberae
634 1996 719 2052 erant
742 1984 816 2070 (cir.
839 1987 930 2069 lgnat
955 1986 991 2049 ed
1014 1987 1123 2068 Ephes.
1148 2004 1173 2048 c.
1197 1982 1255 2067 6),
1291 1986 1323 2048 in
1346 1986 1408 2048 eliis

278 2097 402 2158 urbibus
433 2115 493 2160 non
524 2113 628 2160 omnes
659 2094 776 2156 incolae
805 2091 860 2154 sed
883 2091 994 2173 singuli
1015 2097 1125 2153 tentum
1150 2084 1272 2175 (τινὲς,
1303 2083 1409 2172 ὀλίγοι

279 2195 438 2286 ἄφρονες)
468 2201 602 2281 corrupti
634 2205 719 2261 erent
748 2193 821 2280 (cir.
849 2195 887 2258 ud
918 2195 1017 2277 Magn.
1047 2213 1072 2256 o.
1096 2193 1136 2274 4,
1169 2196 1206 2257 ad
1236 2193 1359 2276 Smyrn.
1381 2190 1409 2272 5,

91 2312 93 2321 '
201 2292 203 2297 ’
280 2305 318 2368 od
348 2305 436 2367 Trull.
468 2322 493 2364 c.
517 2302 566 2386 8).
612 2304 708 2377 Ouum
738 2319 813 2363 vero
842 2300 872 2361 hi
903 2317 1018 2364 summo
1050 2296 1150 2361 studio
1180 2299 1257 2362 alios
1287 2316 1411 2381 quoqne

281 2415 459 2489 pervertere
483 2412 512 2468 et
536 2407 649 2468 zizanio
672 2405 758 2467 latius
781 2406 929 2468 seminare
952 2411 1142 2484 conarentur,
1164 2406 1271 2468 beatus
1297 2404 1412 2487 Murtpr

281 2510 371 2572 valde
393 2511 597 2574 necessarium
620 2510 742 2591 putavit,
766 2528 871 2572 omnes
893 2517 925 2572 ut
947 2510 1003 2572 sibi
1024 2515 1168 2572 soverent
1185 2507 1412 2591 praemuniendi

282 2611 355 2696 (cir.
379 2614 415 2676 od
439 2615 537 2696 llagn.
561 2631 587 2676 o.
614 2612 670 2691 11,
694 2613 731 2676 od
754 2614 842 2677 Trull.
867 2633 892 2676 c.
917 2612 954 2692 8,
979 2613 1016 2676 ed
1040 2613 1156 2696 Smyrn.
1180 2631 1206 2676 o.
1229 2610 1281 2696 4).

370 2714 409 2802 b)
425 2718 491 2781 Duo
504 2720 633 2781 diversa
645 2720 861 2798 hoereticorum
874 2736 986 2801 genere
999 2715 1148 2800 (Docetus
1161 2726 1190 2779 et
1199 2713 1411 2801 Judaizuntes]

282 2823 318 2887 ub
334 2822 449 2905 lgnotio
472 2823 633 2905 perstringi
655 2823 792 2904 plerique
815 2822 1015 2900 crediderunt,
1039 2821 1215 2903 praesertim
1231 2821 1411 2885 Pearsonius

284 2924 417 3011 (Vindio.
433 2928 462 2989 P.
483 2927 502 2989 1.
524 2947 549 2990 c.
567 2924 617 3010 2).
655 2926 813 2991 liutherus
835 2934 931 3025 nutem
956 2924 994 3011 (l.
1010 2923 1057 3011 o.)
1080 2933 1110 2988 et
1127 2926 1308 3001 Utiliornus
1333 2924 1372 3011 (l.
1387 2945 1411 2989 o

283 3050 311 3113 p.
328 3028 390 3095 283
407 3028 494 3113 sqq.)
516 3032 595 3094 bene
617 3031 792 3111 docuerunt,
814 3032 958 3115 lgnatium
981 3049 1041 3094 non
1064 3032 1121 3093 nisi
1144 3033 1174 3095 in
1196 3050 1293 3094 unuin
1315 3048 1411 3116 genus

155 3130 157 3134 ⁸
283 3135 520 3215 haereticorum,
554 3136 792 3200 Jndoisuntium
826 3136 893 3203 dico
926 3137 1133 3213 Docelarum,
1173 3136 1231 3198 telo
1265 3137 1411 3198 nocuisse

284 3241 393 3304 Beatus
418 3243 495 3305 enirn
518 3242 618 3320 Pater,
649 3242 675 3303 sl
699 3243 785 3303 etiem
809 3249 912 3305 contro
934 3241 1084 3306 ludoistes
1110 3259 1201 3305 sensu
1224 3243 1366 3323 speciali,
1395 3261 1411 3304 s

283 3346 406 3409 [locetis
423 3344 576 3408 distinctos
593 3351 766 3428 pugnasset,
790 3347 904 3428 absque
920 3348 999 3411 omni
1016 3346 1106 3410 dubio
1123 3347 1210 3409 etium
1227 3346 1266 3407 de
1281 3347 1411 3410 circurn-

284 3452 399 3513 oisione
424 3451 513 3512 verba
537 3449 676 3528 lecisset,
707 3449 789 3532 quod
819 3451 922 3513 nullibi
949 3453 978 3515 in
1006 3453 1141 3533 epistolis
1164 3453 1237 3533 ejus,
1253 3453 1410 3534 reperitur.

283 3553 410 3636 Insuper
425 3556 454 3617 in
471 3555 596 3635 epistola
613 3555 649 3617 od
665 3555 837 3641 Magnesios
853 3576 878 3618 o.
895 3553 1002 3620 8-10
1018 3554 1172 3618 Judnisteo
1192 3556 1409 3637 impugnentur,

284 3660 380 3738 capite
415 3664 513 3723 autern
547 3660 685 3739 sequenti
715 3659 804 3740 plane
835 3660 922 3722 iidem
952 3660 1094 3723 haeretici
1123 3662 1285 3724 Docetismi
1317 3678 1410 3723 eccu-

285 3768 396 3823 snntur.
442 3761 584 3839 Accedit,
614 3762 695 3843 quod
727 3763 869 3825 haeretici
899 3765 947 3825 isti
978 3766 1064 3828 etiam
1085 3765 1285 3827 hierarchiae
1308 3764 1409 3827 eccle·

285 3863 423 3925 siosticee
451 3872 673 3946 repugnarent,
707 3866 820 3947 ubsque
852 3868 963 3931 unitate
997 3889 1062 3932 curn
1096 3870 1246 3949 episcopo
1278 3887 1314 3931 se
1344 3869 1409 3932 Deo

146 3993 154 4017 ι
285 3967 363 4029 uniri
392 3983 484 4047 posse
515 3975 669 4049 putarent,
702 3976 731 4031 et
760 3971 826 4033 sine
857 3972 1000 4054 episcopo
1028 3979 1058 4035 et
1079 3974 1261 4055 presbyteris
1285 3974 1410 4037 seorsim

282 4088 371 4133 soora
401 4089 454 4133 sue
484 4079 611 4153 egerent
640 4070 697 4155 (ed
725 4074 823 4157 liugn.
855 4093 880 4137 o.
904 4074 926 4140 4
954 4083 983 4140 et
1006 4077 1043 4156 t,
1074 4078 1111 4139 ud
1138 4076 1246 4140 Philsd.
1280 4096 1305 4140 o.
1331 4079 1360 4141 7.
1382 4073 1410 4154 8,

286 4173 469 4236 auriello.
487 4174 516 4254 7,
540 4176 576 4238 od
593 4177 710 4259 Smyrn.
727 4197 752 4240 e.
771 4176 792 4240 8
799 4200 809 4256 ;
832 4179 885 4242 clr.
905 4180 1054 4257 Ululltorn,
1078 4180 1097 4242 l.
1119 4199 1144 4243 o.
1167 4200 1195 4262 p.
1212 4178 1275 4246 289
1291 4179 1359 4264 sq.)
1384 4179 1410 4265 J.

374 4275 410 4363 c)
432 4279 527 4362 Hujus
542 4284 664 4362 generis
680 4282 831 4361 haeretici,
852 4282 1035 4346 ludaisnrum
1059 4289 1090 4345 et
1104 4284 1308 4389 Docelismup
1324 4303 1410 4350 com·

322 4504 350 4567 1)
375 4507 551 4573 Betraettonp
587 4507 634 4558 cler
669 4508 835 4576 wiettigsten
861 4505 1008 4572 contendit,
1042 4507 1074 4559 ab
1104 4506 1202 4577 lgnutio
1233 4508 1284 4560 duo
1317 4523 1410 4588 genero

286 4591 423 4644 Bedenken
452 4607 532 4660 pepon
562 4593 604 4643 dte
627 4594 758 4646 Aseltttott
788 4596 836 4647 uter
861 4592 1063 4645 adversariorum
1090 4596 1247 4663 impugnari,
1274 4614 1298 4643 a.
1316 4599 1410 4650 tens-

286 4677 499 4745 lgnntinnieelten
529 4679 632 4746 Briep'e,
667 4665 693 4729 io
729 4681 836 4748 ltlgens's'
862 4682 944 4745 tiene,
980 4683 1008 4741 β.
1031 4685 1237 4749 schismaticos,
1273 4681 1319 4734 sod
1348 4681 1410 4733 Ubl·

285 4765 472 4829 „Zeitectritt
507 4766 555 4830 Ῑΐιν
590 4766 684 4818 nistor-
723 4764 836 4818 Ptent.“
862 4765 957 4819 hornus
975 4765 1005 4833 (l.
1019 4782 1041 4818 c.
1057 4784 1083 4836 p.
1096 4767 1147 4818 287
1159 4769 1210 4835 sq.)
1229 4767 1298 4819 bene
1317 4767 1410 4830 docuit,

287 4844 315 4897 Τ.
334 4847 375 4898 lll.
395 4848 422 4900 Ρ.
441 4847 483 4902 lv,
502 4864 528 4916 p.
547 4848 580 4899 ³2
598 4864 655 4917 sqq.
863 4867 918 4917 eos,
936 4868 999 4920 quor
1011 4852 1105 4905 Ritschl
1123 4857 1315 4908 schismaticos
1330 4860 1410 4921 putat,

322 4936 351 4997 2)
371 4940 491 5006 llitreltt,
526 4934 686 5003 Entstelnung
712 4936 759 4989 der
783 4936 834 4989 slt—
862 4938 932 5006 ipsos
950 4938 1007 4991 illos
1022 4942 1199 5008 judaismus
1211 4944 1326 4995 Dooetaes
1345 4954 1410 5001 esso,

287 5019 384 5074 tethel.
403 5021 512 5090 litteus,
542 5023 614 5079 Boon
638 5022 712 5077 1850,
740 5041 766 5094 p.
785 5025 837 5078 579
863 5024 1020 5081 hierarchiae
1038 5026 1228 5082 ecclesiaticus
1253 5027 1409 5082 ruistentu.
