3067 6450
534 1168 757 1225 tebuttttrttts
777 1172 821 1225 ΑΙ)
839 1172 914 1229 COR.
934 1173 974 1228 Vl.
994 1176 1046 1230 Vll.

437 1417 482 1479 Vl.
519 1388 729 1482 Continentia.
764 1420 871 1484 Plures
895 1425 951 1484 alii
976 1434 1138 1506 ancrtpres.

311 1537 393 1600 Viris
414 1539 479 1601 istis
503 1547 606 1604 sancte
630 1542 717 1603 vitam
734 1544 950 1607 instituentibus
967 1564 1072 1628 magna
1090 1549 1252 1614 electorum
1269 1553 1348 1616 mul-

225 1641 320 1705 titudo
342 1649 508 1726 aggregata
532 1651 595 1722 cst,
623 1646 672 1726 qui
702 1644 868 1728 ¹supplicia
892 1650 979 1712 multa
1003 1657 1032 1712 et
1055 1660 1199 1717 tormento
1224 1666 1347 1740 propter

223 1745 321 1808 zelum
344 1748 441 1829 passi,
474 1748 627 1830 exemplar
659 1752 799 1831 optimum
831 1753 907 1814 inter
929 1771 985 1815 nos
1009 1756 1178 1820 extiterunt.
1223 1760 1347 1844 Propter

223 1851 320 1914 zelum
351 1853 492 1916 mulieres
523 1855 760 1934 persecutionem
793 1874 917 1937 passae,
951 1856 1137 1923 '‘ltanoidae
1169 1870 1199 1925 et
1227 1863 1345 1948 Dircae,

223 1965 380 2036 postquam
403 1958 505 2040 gravia
533 1964 561 2018 et
585 1958 712 2021 neianrla
736 1962 877 2042 supplicia
911 1962 1132 2041 sustinuerunt,
1164 1965 1200 2026 nt
1232 1967 1345 2032 lirmum

222 2059 290 2121 otei
314 2079 434 2124 cursum
458 2062 664 2144 pertigerunt,
691 2071 723 2126 et
753 2065 868 2127 debiles
897 2084 1026 2147 corpore
1059 2069 1158 2130 nobile
1183 2074 1344 2151 praemium
1449 2112 1455 2123 ,

221 2172 409 2245 acceperunt
462 2166 551 2229 Zetus
581 2186 709 2230 uxorum
737 2170 851 2232 animos
885 2190 901 2233 a
933 2171 1042 2233 maritis
1073 2172 1271 2253 abalienavit,
1315 2184 1344 2240 et

221 2267 329 2330 dictum
356 2271 449 2350 patris
473 2271 567 2333 nostri
590 2273 695 2335 Adami
718 2276 855 2338 mutavit:
891 2271 980 2338 3Ιιοο
994 2278 1064 2355 jam
1090 2296 1126 2340 oe
1150 2298 1191 2340 ea
1218 2281 1343 2345 ossibus

219 2374 312 2448 meir,
337 2381 368 2435 et
391 2393 467 2438 earo
491 2394 532 2439 ea
557 2397 652 2440 carne
674 2398 751 2440 mea.
798 2379 884 2443 Zetus
909 2387 938 2441 et
961 2382 1112 2444 contentio
1137 2384 1227 2446 urbes
1253 2404 1342 2470 mag-

220 2496 270 2541 nas
294 2481 420 2559 evertit,
443 2486 600 2564 algentes
626 2501 799 2546 numerosas
825 2484 954 2549 funditus
978 2483 1127 2550 delevit⁴

474 2672 533 2737 Vll.
579 2656 765 2738 Adbortatio
789 2678 832 2738 ad
853 2678 1085 2756 poenitentiam.

301 2794 404 2874 liaeo,
427 2795 607 2873 charissimi,
631 2815 690 2860 non
715 2804 845 2878 tantum,
869 2806 898 2861 ut
921 2818 976 2862 vos
1000 2799 1090 2863 olbeii
1122 2803 1213 2865 vestri
1230 2805 1338 2870 admo-

217 2917 348 2980 neamus,
372 2900 539 2979 scribimus,
561 2899 614 2962 sod
639 2904 736 2982 etiam,
759 2912 791 2967 ut
814 2907 968 2987 nosipsos
993 2903 1318 2975 ⁵commonelaciamus
1325 2934 1335 2990 3

215 3004 242 3067 io
264 3005 373 3067 eadem
397 3007 473 3068 enim
496 3023 587 3068 arena
610 3024 776 3086 versamur,
801 3016 831 3070 et
853 3016 1002 3072 certarnen
1027 3009 1105 3072 item
1126 3013 1213 3074 nobis
1237 3013 1336 3097 impo-

212 3109 297 3171 situm
321 3117 377 3172 est.
422 3105 551 3185 ⁶0uare
574 3111 678 3175 inanes
702 3120 731 3174 et
754 3132 845 3176 vanas
878 3132 964 3176 curas
994 3114 1213 3195 relinquamus,
1246 3117 1335 3181 etad

210 3213 372 3295 gloriosam
396 3220 425 3277 et
449 3215 648 3279 venerandam
674 3211 821 3281 'sanctae
852 3219 1015 3282 vocationis
1049 3225 1170 3281 nostrae
1195 3215 1332 3284 ⁸linonm

210 3314 349 3404 [metam]
365 3323 527 3384 veniamus.
563 3320 639 3394 Ouitl
656 3322 819 3403 pulchrum,
845 3322 914 3404 quid
935 3322 1100 3403 jucundum
1125 3331 1153 3386 et
1179 3333 1332 3406 acceptum

209 3442 308 3487 corona
331 3425 439 3507 opillea
462 3431 566 3489 nostro
589 3428 643 3505 sit,
667 3425 829 3488 videamus.
876 3428 1056 3507 Sanguinem
1081 3427 1188 3489 Christi
1213 3430 1332 3492 intentis

207 3531 300 3593 oeulis
334 3529 518 3609 intueamur,
550 3537 580 3592 et
611 3550 696 3613 quam
727 3531 878 3610 pretiosus
909 3531 973 3592 Deo
1007 3533 1045 3593 sit
1076 3535 1142 3614 eJus
1171 3527 1332 3616 ⁹sanguis,

206 3637 450 3717 consideremus,
481 3637 531 3719 qui
560 3642 682 3719 pro'pter
705 3641 835 3698 nostram
859 3635 983 3697 salutem
1008 3635 1120 3699 ellusus
1144 3639 1195 3699 toti
1221 3636 1330 3700 mundo

204 3742 408 3821 poenitentiae
423 3744 548 3825 gratiam
564 3741 676 3804 obtulit.
702 3740 901 3802 Recurramus
918 3740 952 3803 ad
969 3759 1076 3804 omnes
1088 3741 1188 3804 mundi
1206 3747 1330 3821 aetates,

203 3876 298 3933 Dircen
318 3888 403 3933 autern
422 3878 454 3930 ab
470 3877 613 3948 Amphione
631 3887 658 3929 et
675 3875 771 3984 iratre'
815 3879 843 3942 l)
864 3877 889 3929 st
908 3878 967 3930 urbs
985 3878 1138 3943 Jerusalem,
1162 3878 1234 3945 cujus
1253 3877 1329 3930 letale

203 3969 257 4036 eju·
269 3966 354 4021 zerbo
372 3966 491 4020 cornibus
510 3968 574 4018 tauri
592 3965 675 4018 rabidi
691 3966 752 4017 alli·
779 3966 906 4018 excidium
922 3969 1071 4034 praesertim
1088 3966 1147 4017 rixis
1163 3966 1267 4018 internis
1280 3981 1327 4018 ac-

203 4066 287 4126 patam
313 4055 393 4106 luisse
413 4053 514 4107 iabulae
534 4052 642 4106 tradunt.
680 4053 752 4105 Aliae
779 4052 918 4103 celeratum
938 4052 1037 4118 luerat,
1054 4051 1107 4117 jam
1125 4049 1215 4104 luieeet
1235 4051 1326 4119 diruta,

202 4145 318 4211 virginee
340 4157 388 4195 seu
412 4141 532 4194 mulieres
557 4138 750 4192 christianorum
779 4137 867 4191 beatus
886 4137 1005 4191 Clemens
1025 4139 1187 4190 norieeimum
1207 4146 1233 4189 et
1251 4137 1326 4191 cele-

201 4228 312 4282 iortme
326 4235 460 4298 autequam
475 4226 631 4280 necabantur
643 4230 748 4282 Danai·
778 4223 912 4276 berrimum
931 4224 981 4276 boe
1000 4223 1142 4292 exemplum
1161 4226 1202 4276 uix
1222 4224 1325 4277 silentio

201 4318 296 4371 uma·
324 4313 446 4382 supplicia
475 4315 507 4365 ad
535 4314 640 4366 crudete
667 4313 750 4381 plebis
775 4314 956 4378 praeteriisset.
978 4310 1324 4365 Cir.tt'indieebararur.l.c.

200 4400 375 4469 spectaculum
388 4399 483 4465 subire,
498 4399 749 4470 Tartariquepoenas
776 4415 801 4466 p.
822 4399 863 4449 54.

199 4496 398 4556 repraesentare
422 4486 565 4551 debebant,
590 4495 616 4539 et
633 4489 670 4538 etc
689 4495 748 4538 ante
811 4486 840 4546 5)
853 4481 1104 4547 blav‘noprrjmorm.
1121 4482 1323 4551 Simplextonna

199 4588 291 4625 necem
320 4574 401 4640 ipsam
431 4570 525 4625 diutius
554 4581 582 4625 et
612 4572 748 4626 multitaria
775 4568 920 4634 ὖπομννζσκω
930 4572 1004 4623 etiam
1014 4570 1079 4637 apud
1089 4567 1322 4636 Orpbeumtbymn.

199 4660 388 4713 metabantur.
416 4658 548 4726 Ejusmodi
561 4668 683 4727 martyres
696 4676 747 4711 no·
775 4657 819 4722 77,
838 4657 862 4708 6.
883 4658 924 4709 ed.
943 4657 1027 4709 llerm.
1047 4673 1073 4725 p.
1093 4655 1158 4722 3⁴5)
1177 4657 1297 4707 occurrit.

200 4748 266 4799 atine
285 4748 633 4801 mammertinus
656 4755 709 4798 tum
733 4763 747 4798 a
809 4744 839 4812 6)
856 4744 927 4795 llaec
946 4744 1035 4795 recitat
1053 4741 1207 4809 Polycarpus
1227 4757 1249 4792 c.
1268 4740 1293 4790 7.

199 4832 746 4902 fltlelibuetunapagnuieiuaignitaaeese,
809 4825 1320 4898 t)ttttttust.1[÷ro‹t]no›.·=taprrsmt.
1409 4855 1412 4862 ·

200 4917 317 4972 dubitare
333 4921 379 4971 vix
395 4933 539 4987 possumus.
808 4917 839 4985 8)
859 4916 910 4969 (Ἰν.
924 4917 958 4968 tle
972 4915 1057 4967 Wette
1073 4914 1105 4966 ad
1118 4911 1207 4966 lll'or.
1223 4912 1319 4981 to,13.

233 5004 261 5071 8)
281 5005 346 5059 Gen.
364 5006 392 5073 2,
410 5004 453 5059 23.
808 5005 838 5071 9)
856 5005 935 5070 Haupt
955 5006 1052 5054 Boou.
