3067 6450
340 1218 478 1273 ussnunu
495 1217 629 1270 caston.
665 1215 762 1269 LIBER
780 1215 823 1269 tn.
858 1216 982 1272 srutttt.
1000 1216 1043 1272 IX.
1188 1220 1253 1286 435

127 1380 275 1443 Dominus
305 1380 415 1443 habitat
445 1383 475 1442 in
506 1380 577 1443 viris
610 1378 773 1442 amantibus
805 1397 927 1459 pacem3
957 1381 1065 1443 etenim
1096 1400 1168 1443 vera
1195 1399 1255 1462 pax

127 1484 220 1547 chara
244 1491 307 1563 est,
339 1503 356 1546 a
380 1485 575 1548 contentiosis
600 1501 673 1546 vero
698 1491 727 1545 ct
749 1482 873 1564 perditis
897 1484 1021 1562 malitia,
1047 1485 1140 1566 longe
1162 1485 1255 1546 abest

131 1586 287 1651 ¹Neddite
311 1590 402 1669 igitur
425 1590 451 1650 ei
475 1590 609 1671 spiritum
633 1590 795 1670 integrum,
819 1589 895 1650 sicut
914 1590 1080 1670 accepistis.
1128 1588 1157 1652 Si
1180 1589 1257 1650 onim

128 1691 254 1755 dederis
278 1692 381 1755 iuliani
405 1696 612 1756 vestimentum
636 1695 795 1774 integrum,
820 1692 908 1772 idque
932 1694 1078 1775 integrum
1094 1693 1139 1753 vis
1157 1691 1256 1754 denuo

128 1799 288 1879 recipere,
321 1795 393 1860 iulio
418 1804 515 1860 autem
539 1798 663 1860 scissum
688 1799 739 1859 tibi
762 1794 832 1858 iilud
856 1797 977 1875 reddat,
1010 1798 1136 1877 recipies
1160 1796 1256 1859 ittuu‘t

128 1902 241 1965 Nonne
263 1903 360 1964 statim
384 1901 598 1980 excandesces‚
623 1907 652 1962 et
675 1920 741 1964 curn
758 1900 889 1963 convitio
909 1902 1112 1981 prosequeris,
1135 1902 1256 1964 dicens:

129 2008 341 2073 vestimentum
365 2025 461 2069 meum
485 2007 634 2089 integrum
658 2007 708 2068 tibi
733 2004 818 2084 dedi,
850 2024 943 2086 quare
972 2006 1085 2071 scidisti
1109 2007 1197 2086 illud,
1228 2012 1258 2067 et

129 2114 238 2176 inutile
261 2113 383 2176 iecisti?
420 2113 505 2175 Nunc
521 2118 644 2193 propter
660 2113 831 2189 scissuram,
854 2129 941 2191 quam
957 2112 986 2173 in
1006 2129 1043 2174 eo
1060 2111 1166 2190 iecisti,
1190 2110 1258 2174 usui

130 2234 203 2280 esse
227 2235 287 2280 non
310 2222 417 2299 potest.
463 2217 569 2280 Nonne
593 2217 667 2280 haec
690 2218 787 2280 omnia
810 2216 902 2278 verba
927 2216 1010 2280 dices
1033 2216 1146 2296 fulloni,
1169 2216 1258 2279 etde

131 2322 284 2399 scissura,
314 2340 401 2403 quarn
429 2323 459 2383 in
487 2324 666 2386 vestimento
699 2328 751 2385 tuo
774 2320 907 2383 iecerit?
954 2322 984 2386 Si
1006 2322 1096 2403 igitur
1120 2329 1150 2384 tu
1173 2321 1258 2384 doles

131 2425 173 2488 do
186 2426 366 2489 vestimento
384 2435 445 2506 tuo,
469 2433 499 2488 et
513 2429 660 2507 quereris,
684 2425 765 2509 quod
782 2445 841 2490 non
858 2426 930 2489 illud
952 2429 1100 2509 integrum
1115 2428 1257 2508 recipias;

133 2530 206 2612 quid
229 2536 314 2612 putas
337 2530 493 2593 Dominum
516 2531 567 2593 tibi
590 2530 752 2610 iacturum,
784 2531 833 2612 qui
864 2531 998 2612 spiritum
1029 2533 1176 2614 integrum
1207 2530 1259 2593 tibi

132 2633 228 2710 dedit,
250 2641 284 2697 et
304 2639 336 2696 tu
359 2652 426 2698 eum
450 2640 542 2698 totum
564 2635 697 2698 inutilem
719 2633 884 2712 reddidisti,
907 2635 945 2695 ita
962 2640 994 2695 ut
1009 2634 1089 2696 nulio
1107 2635 1173 2697 usui
1189 2651 1259 2696 esse

134 2739 236 2821 possit
254 2739 380 2803 Domino
402 2739 485 2802 suo?
528 2739 641 2802 Inutilis
664 2740 742 2800 eninr
765 2741 865 2819 coepit
888 2756 957 2801 esse
977 2756 1048 2801 usus
1070 2741 1146 2822 ejus,
1170 2757 1260 2818 quum

134 2845 174 2906 sit
194 2849 356 2924 corruptus
372 2862 390 2905 a
406 2849 443 2905 te.
483 2844 589 2906 Nonne
605 2844 695 2924 igitur
710 2844 856 2906 Dominus
872 2843 910 2906 de
926 2845 1030 2925 spiritu
1046 2861 1113 2922 suo,
1137 2849 1260 2925 propior

134 2949 195 3013 boc
211 2947 321 3012 iactum
335 2955 426 3027 tuum,
449 2948 527 3012 idem
545 2948 678 3011 inciet?“
720 2948 858 3026 „Plane,“
884 2949 1011 3029 inquam,
1036 2948 1193 3027 „omnibus
1214 2948 1260 3026 iis,

134 3070 342 3134 quoscumque
365 3054 512 3115 invenerit
534 3054 564 3115 in
586 3053 728 3116 memoria
751 3052 933 3116 offensarum
960 3070 1152 3134 permanere,
1184 3050 1260 3112 idem

136 3159 256 3222 iaciet“
305 3158 555 3240 „Clementiam,“
581 3159 682 3240 inquit,
708 3159 793 3240 „ejus
818 3158 908 3220 notite
931 3157 1062 3234 caicare;
1085 3154 1139 3218 sed
1163 3157 1260 3238 potius

138 3263 336 3328 honorificato
359 3283 443 3342 eum,
476 3264 556 3345 quod
588 3272 644 3326 tam
673 3265 789 3345 patiens
822 3269 868 3326 est
896 3263 931 3325 ad
955 3263 1060 3325 delicta
1083 3267 1200 3340 vestra,
1232 3266 1263 3323 et

138 3387 199 3433 non
224 3375 273 3432 est
294 3370 371 3432 sicut
391 3386 456 3431 vos.
494 3368 584 3451 Agite
598 3370 830 3450 poenitentiam;
853 3370 925 3431 utile
944 3370 1021 3430 enim
1038 3367 1066 3430 id
1083 3371 1129 3430 cst
1145 3365 1260 3429 vobis.“

227 3472 358 3536 XXXIII.
394 3471 494 3551 „Haec
517 3475 624 3551 omnia,
648 3493 724 3556 quae
747 3492 838 3556 supra
854 3476 963 3555 scripta
979 3481 1057 3553 sunt,
1080 3491 1139 3556 ego
1162 3479 1264 3554 pastor

138 3578 262 3642 nuntins
284 3578 487 3660 poenitentiae
510 3578 636 3656 ostendi,
660 3586 690 3641 et
712 3580 830 3642 locutus
845 3598 909 3643 sum
926 3580 1023 3642 servis
1038 3580 1102 3641 Dei.
1140 3579 1171 3643 Si
1187 3597 1271 3662 ergo·

138 3680 344 3761 credideritis,
374 3688 403 3745 et
425 3683 577 3746 audieritis
599 3685 692 3747 verba
715 3703 796 3763 mea,
827 3692 857 3747 et
879 3684 1098 3748 ambulaveritis
1129 3684 1158 3745 in
1180 3685 1263 3764 ipsis,

140 3794 169 3849 et
191 3788 388 3851 correxeritis
411 3788 655 3866 itinerarestm3
681 3791 785 3851 vivere
809 3790 952 3869 poteritis.
994 3790 1046 3852 Sin
1068 3794 1164 3851 autem
1188 3804 1262 3868 per·

138 3891 309 3955 manseritis
331 3892 361 3954 in
383 3891 491 3954 malitia
515 3900 545 3955 et
568 3894 709 3956 memoria
732 3892 930 3969 offensarum3
961 3892 1060 3955 nulius
1093 3909 1132 3953 ex
1154 3888 1262 3973 hujus-

140 3996 222 4062 modi
242 3998 450 4078 peccatoribus
473 3999 554 4061 vivet
577 3999 652 4062 Deo.
699 3999 780 4060 Haec
803 3997 900 4059 ornnia
922 4015 939 4057 a
960 4014 1006 4058 me
1026 3994 1162 4072 dicenda,
1186 3993 1264 4057 dicta

140 4106 210 4164 sunt
231 4102 349 4165 robis.“
395 4100 445 4164 nit
466 4103 535 4166 mihi
558 4103 607 4166 itte
631 4109 749 4185 pastor:
775 4103 893 4180 „omnia
916 4118 933 4162 a
957 4118 1003 4162 nte
1024 4097 1262 4183 interrogasti‘i“

139 4204 176 4268 Et
202 4204 281 4269 dixi:
315 4206 390 4286 „ita,
420 4205 567 4270 domine.“
615 4208 735 4286 „Quare
767 4223 843 4288 ergo
872 4223 932 4268 non
963 4203 1155 4285 interrogasti
1186 4202 1263 4283 me,“

140 4308 252 4390 inquit,
283 4309 342 4388 „de
371 4310 466 4374 forma
496 4310 623 4392 tapidum
653 4313 683 4375 in
706 4315 853 4373 structura
877 4306 895 4391 ¹²
909 4309 1128 4390 repositorum,
1158 4315 1191 4372 ut
1214 4307 1265 4370 tibi

142 4413 324 4495 explicarem
347 4414 503 4479 iormas?“
549 4416 588 4477 Et
610 4416 685 4478 dixi:
711 4414 840 4494 „obiitus
863 4431 946 4492 sum,
968 4413 1118 4477 domine.“
1167 4411 1265 4491 „Audi

141 4534 220 4582 nunc
242 4520 356 4601 ergo‚“
390 4521 500 4601 inquit,
532 4519 642 4600 „etde
667 4521 734 4583 iliis.
781 4520 816 4580 tti
839 4524 924 4596 sunt,
955 4519 1006 4599 qui
1028 4536 1108 4581 nunc
1129 4513 1264 4577 mandata

142 4619 216 4684 haec
238 4620 411 4701 audierunt,
444 4631 475 4686 et
505 4642 545 4685 ex
574 4624 642 4686 totis
674 4622 859 4705 praecordiis
890 4629 1018 4705 egerunt
1044 4618 1264 4703 poenitentiam,

144 4720 321 4807 ³qnumque
350 4724 476 4790 vidisset
498 4728 641 4790 Dominus
672 4728 778 4789 bonaur
808 4733 896 4808 atque
925 4746 1027 4809 puram
1056 4720 1264 4804 poenitentiam

145 4845 264 4910 corum,
295 4835 325 4894 et
354 4848 445 4913 posse
475 4850 530 4895 eos
562 4833 590 4894 in
619 4849 656 4893 ea
682 4849 879 4913 permanere,
907 4832 998 4913 jussit
1019 4828 1120 4912 priora
1142 4830 1264 4908 peccata

178 4964 207 5033 i)
218 4964 360 5034 Exscripsit
371 4966 691 5032 hunciocumdaticctur,
753 4967 782 5029 2)
802 4964 853 5016 Cir.
872 4982 948 5033 supra
965 4982 987 5016 c,
1008 4967 1023 5015 7
1042 4981 1097 5032 sqq.

147 5048 226 5104 homil.
246 5051 289 5104 94.
753 5049 782 5116 3)
801 5049 852 5103 cn.
871 5066 948 5118 supra
966 5068 989 5102 c.
1012 5052 1052 5103 10.

982 5135 1058 5206 28⁹
