3067 6450
182 1163 248 1218 oxu
621 1156 871 1213 rnoteoonuun.
1114 1160 1305 1230 [emeretur

183 1331 284 1399 notes,
309 1322 375 1383 ond
395 1321 620 1398 introduction,
643 1319 683 1400 dp
709 1319 845 1381 Witiiom
871 1317 1021 1396 Cureton,
1044 1317 1085 1380 tt.
1108 1318 1146 1382 A.
1172 1320 1207 1384 tt.
1227 1320 1306 1384 Iis.

184 1425 338 1506 Cioploin
353 1425 386 1486 in
402 1425 555 1506 ordinary
571 1433 602 1487 to
617 1425 673 1485 Iter
688 1426 820 1505 majestp
836 1424 883 1486 tite
900 1442 1005 1504 queen.
1042 1423 1181 1487 tondes
1201 1425 1305 1489 tetur

270 1529 302 1592 In
326 1530 419 1610 priori
442 1529 573 1591 editione
601 1529 709 1610 syriaci
740 1536 840 1590 textus
870 1528 917 1589 vir
946 1527 1136 1590 doctissImus
1170 1547 1231 1592 non
1258 1531 1310 1593 nisi

183 1650 244 1696 uno
267 1632 372 1695 codIce
395 1635 481 1695 trIum
505 1632 617 1695 iliarum
641 1632 833 1712 epistolarum
862 1634 982 1713 integro
1008 1648 1081 1694 usus
1104 1639 1163 1694 est
1210 1633 1308 1697 Codex

184 1736 259 1799 eItrr
290 1753 350 1798 non
384 1737 439 1798 nisi
473 1737 625 1817 epIstqum
658 1734 695 1797 nd
729 1736 925 1819 Potycsrpum
958 1736 1137 1798 eonttnetmt
1192 1737 1224 1800 In
1259 1738 1308 1801 sd·

185 1839 319 1903 ornando
335 1859 409 1904 vero
428 1839 584 1921 ,Corpore
601 1840 773 1920 Ignotitmo“
792 1842 902 1902 tertius
923 1839 1038 1920 quidem
1055 1840 1156 1904 codex
1173 1842 1309 1923 Syriscus

186 1946 241 2026 ipsi
264 1953 384 2025 preesto
408 1951 482 2023 erut,
505 1947 554 2024 qui
578 1962 674 2026 oeque
698 1951 760 2006 tres
783 1950 894 2007 tontum
917 1951 948 2007 et
970 1943 1090 2006 eusdem
1112 1944 1221 2025 Ignatii
1248 1946 1310 2027 epi·

185 2050 278 2114 stolus
295 2057 325 2112 et
342 2052 369 2112 in
387 2049 490 2111 eedem
507 2049 590 2111 brevi
608 2048 699 2110 Iormu
718 2048 839 2111 exhibet
859 2045 932 2132 (cir.
950 2047 1042 2126 Corp.
1058 2048 1125 2128 ipn.
1142 2067 1173 2130 p.
1190 2045 1310 2133 XXXI)

186 2154 250 2228 Qus
274 2172 309 2215 rc
332 2153 513 2216 Curetonum
544 2153 573 2214 in
604 2153 745 2233 opimone
774 2171 830 2215 sus
861 2169 921 2213 non
953 2152 1143 2213 medIocriter
1171 2151 1312 2216 firmatum

187 2275 266 2333 esse,
282 2275 370 2320 neruo
387 2257 546 2341 mimbipur.
575 2255 670 2329 Quum
687 2274 760 2319 vero
777 2256 875 2317 codex
892 2255 939 2316 tm
955 2256 1081 2318 eundem
1097 2255 1188 2336 pIune
1205 2263 1313 2320 textum

186 2362 293 2426 habeut
316 2359 405 2423 etad
429 2359 571 2436 eundem,
602 2366 633 2421 ut
656 2357 796 2438 dicimus,
829 2359 965 2421 Iemilium
995 2361 1147 2440 pertinere
1171 2359 1313 2438 videntur,

182 2467 275 2545 eujus
298 2469 366 2525 sunt
388 2464 475 2525 umbo
504 2462 637 2543 priores,
669 2464 707 2525 ob
738 2463 936 2526 detectionem
967 2464 1032 2544 ejus
1062 2481 1119 2526 nos
1148 2465 1314 2526 sententiis

189 2574 310 2628 nostroe
334 2569 467 2629 nuntIum
491 2584 550 2628 non
574 2565 746 2629 mittendum
769 2574 913 2648 putemus.

276 2671 307 2733 Si
337 2671 383 2732 vIr
413 2670 601 2732 doctissimus
632 2689 704 2752 prae
735 2674 849 2734 cuncus
878 2690 905 2753 p.
930 2670 992 2733 VIII
1013 2688 1078 2752 sqq.
1111 2688 1171 2735 nou
1203 2677 1314 2734 certum

189 2792 259 2837 esse
282 2775 444 2853 contendit,
467 2776 637 2837 versionem
659 2775 736 2837 illum
759 2775 910 2856 Syriacum
933 2794 949 2838 u
971 2776 1125 2837 monceio
1149 2774 1315 2837 coniectent

190 2896 270 2955 esse,
293 2878 322 2938 id
347 2879 416 2939 tenti
440 2897 500 2941 non
524 2878 638 2954 hube03
661 2881 759 2957 immo,
783 2881 808 2942 si
825 2881 1013 2961 Episcopum
1035 2886 1085 2942 eut
1098 2879 1317 2961 Presbyterum

189 2988 238 3045 sut
273 2981 450 3044 Diaconum
483 2981 638 3064 quemdam
671 2984 825 3065 Syriacum
859 2984 947 3066 hujus
979 2983 1128 3046 versionis
1163 2989 1315 3046 auctorem

188 3092 293 3167 putare
315 3086 466 3165 volueris,
501 3103 560 3167 ego
589 3104 649 3148 nou
678 3087 832 3167 obloquor.
879 3087 1017 3150 Ceterum
1041 3105 1098 3148 nec
1119 3103 1168 3149 mc
1192 3103 1315 3150 movere

189 3196 331 3273 possunt,
365 3208 442 3271 quoe
472 3188 639 3253 Curetonus
672 3190 747 3253 thesi
781 3197 919 3271 nostrus,
954 3193 1124 3255 versionem
1157 3191 1245 3254 istum
1278 3189 1317 3254 nii

189 3298 245 3359 uisi
276 3298 427 3375 epitomen
455 3295 672 3378 Ignotiunurum
703 3294 893 3376 epistolarum
923 3314 1009 3375 esse,
1042 3296 1173 3377 opponit
1220 3296 1317 3376 Ipsum

189 3400 292 3463 nudius
315 3419 342 3482 p.
367 3400 423 3464 IX:
461 3399 512 3478 ,Is
535 3402 637 3475 there,
670 3400 845 3478 therefore,
879 3419 942 3481 any
972 3401 1059 3480 tirinq
1089 3401 1123 3460 in
1146 3400 1197 3461 tie
1225 3395 1319 3462 Tiree

189 3504 326 3584 Episttes
363 3505 543 3567 themseioes
580 3504 681 3565 reiicit
718 3503 826 3564 would
863 3505 937 3565 tend
975 3512 1005 3567 to
1042 3504 1124 3565 sitem
1163 3503 1247 3580 tiat,
1286 3504 1318 3563 itt

191 3609 272 3670 tieir
297 3616 426 3686 present
453 3607 538 3685 form
567 3604 605 3689 (i.
630 3624 655 3668 e.
680 3607 710 3668 in
734 3606 877 3669 versione
901 3604 1058 3690 syriaco),
1090 3606 1159 3688 tItep
1189 3626 1248 3669 ore
1277 3625 1319 3669 ott

190 3711 320 3787 epitome
342 3709 381 3786 of
397 3708 539 3773 rnoniisi
563 3710 630 3770 ond
652 3710 771 3771 ascetIo
794 3712 927 3791 eripis?
975 3713 1036 3773 Ttte
1058 3711 1180 3790 Epistle
1208 3720 1240 3775 to
1270 3712 1319 3774 tte
1350 3772 1353 3782 ,

190 3813 329 3875 Romans
352 3815 490 3876 consists
513 3813 626 3876 almost
644 3814 776 3895 entirely
795 3815 834 3892 os
848 3823 1037 3894 arpuments,
1060 3817 1160 3877 reiicit
1174 3815 1320 3896 anctitts

190 3934 283 3996 vrpes
304 3933 390 3994 upon
413 3915 500 3977 titose
524 3923 554 3979 to
576 3915 675 3979 mitem
697 3918 735 3980 Ite
758 3938 826 3981 was
848 3921 991 4000 teritinp,
1022 3922 1055 3982 in
1082 3922 1177 3983 order
1205 3929 1238 3984 to
1269 3921 1320 3983 irt-

190 4019 268 4082 duce
290 4021 370 4081 rtem
391 4026 421 4082 to
443 4019 565 4096 resroin
586 4019 670 4097 from
692 4022 817 4104 multinp
847 4042 911 4103 unp
940 4020 1036 4102 efferet
1065 4026 1100 4086 to
1122 4043 1248 4087 reverse
1271 4026 1322 4087 tie

192 4125 303 4186 decree
325 4121 363 4201 of
385 4123 522 4202 Troiam,
551 4125 617 4185 ond
638 4134 669 4188 to
691 4145 766 4188 suoe
788 4129 852 4189 iim
872 4126 956 4204 from
979 4128 1027 4188 tie
1049 4127 1141 4190 deam
1164 4138 1196 4192 to
1219 4130 1322 4191 tritici

191 4229 230 4290 Ite
261 4245 329 4290 tous
363 4228 563 4291 condemned.
617 4230 693 4293 Nom
727 4232 753 4293 it
786 4232 815 4293 is
849 4251 870 4292 a
901 4231 1113 4294 weit-known
1148 4231 1218 4309 fact
1255 4233 1324 4295 tiot

191 4332 403 4393 monasticism
435 4333 499 4394 cred
533 4334 727 4412 uccericium,
762 4336 796 4398 in
828 4336 909 4397 tieir
941 4337 1083 4414 simplest
1115 4338 1181 4398 ond
1211 4344 1325 4417 purest

189 4438 284 4516 sotus,
308 4434 419 4517 chiefly
441 4437 572 4499 derived
594 4440 675 4501 tieir
698 4440 804 4520 eripio
824 4438 907 4516 [rom
926 4440 976 4502 tie
995 4439 1099 4501 desire
1115 4441 1217 4501 reiicit
1238 4429 1331 4503 some*

193 4545 335 4600 conserte
359 4547 390 4600 to
416 4539 625 4624 Christianitp
645 4542 704 4620 felt
726 4551 758 4606 to
781 4544 877 4606 occid
897 4544 1115 4620 persecution,
1148 4543 1214 4605 ond
1243 4562 1324 4607 cors·

192 4651 322 4723 sequent
348 4645 559 4726 mortprdom,
592 4645 647 4723 for
677 4647 726 4709 tite
752 4647 935 4725 profession
968 4644 1008 4722 of
1035 4646 1115 4706 their
1145 4645 1249 4724 sciti,
1285 4646 1325 4726 by

133 4793 136 4799 .
191 4747 325 4826 retirinp
348 4754 380 4810 to
404 4748 492 4810 tiore
509 4750 585 4810 toiid
602 4751 667 4811 ond
683 4749 882 4829 sequestered
900 4757 997 4828 spots,
1021 4750 1123 4811 mirere
1143 4750 1213 4831 tiep
1228 4751 1327 4830 rripit

194 4869 308 4929 escape
332 4851 380 4913 tie
403 4851 604 4916 obseruatiort
628 4852 667 4930 of
685 4854 766 4915 titeir
780 4854 887 4932 Popon
900 4860 1109 4930 persecutore.
1147 4852 1323 4931 Moreooer,

192 4952 211 5026 I
232 4972 282 5027 am
304 4961 361 5028 troi
381 4973 485 5026 atcere
508 4957 576 5020 tiot
598 4955 632 5017 in
655 4975 720 5042 orry
741 4957 929 5042 subrepserit
947 4974 1022 5042 opes
1039 4957 1117 5019 suci
1136 4975 1179 5021 att
1199 4963 1327 5024 eornm

103 5223 198 5285 h
