3067 6450
352 1213 358 1221 ·
418 1211 556 1288 numne
573 1210 708 1265 assoon.
743 1211 841 1266 claun
858 1212 901 1265 ru.
937 1212 1061 1268 sruun.
1081 1217 1110 1270 v.
1263 1216 1328 1282 387

202 1372 422 1436 similitudinem
446 1380 494 1435 est
523 1374 646 1454 positus.
692 1357 837 1438 Dominus
865 1380 963 1437 autem
995 1373 1077 1437 lundi
1110 1374 1330 1441 demonstratur

201 1498 272 1542 esse
297 1480 339 1560 is,
372 1481 422 1560 qui
445 1482 559 1568 creauit
586 1489 709 1559 cuncta,
740 1488 771 1544 et
796 1480 1027 1557 consummavit,
1058 1485 1087 1540 et
1109 1480 1246 1542 virtutem
1273 1480 1331 1543 illis

201 1584 291 1647 dedit.
346 1584 435 1646 Filius
472 1590 568 1647 autem
603 1586 727 1666 Spiritus
762 1592 883 1648 sanctus
919 1589 972 1646 est.
1028 1583 1140 1646 Servus
1174 1603 1248 1647 vero
1282 1585 1331 1647 ille

200 1689 293 1751 Filius
309 1689 365 1751 Dei
382 1696 436 1751 est.
484 1690 576 1752 Vinea
593 1697 689 1753 eutem
706 1690 833 1772 populus
850 1694 905 1766 cst,
929 1706 1017 1768 quem
1034 1694 1134 1749 servat
1151 1689 1224 1768 ipse.
1271 1689 1332 1751 l‘ali

201 1813 277 1856 vero
302 1794 396 1856 nuntii
418 1800 496 1873 sunt,
520 1795 569 1876 qui
593 1814 609 1856 a
633 1796 761 1858 Domino
785 1793 946 1876 praepositi
970 1792 1096 1855 suntad
1121 1793 1332 1857 continendum

201 1898 345 1980 populum
368 1900 443 1980 ejus.
489 1900 606 1962 Herbae
629 1907 738 1977 autem,
761 1917 839 1980 quae
863 1899 986 1960 evulsae
1005 1904 1074 1960 sunt
1094 1896 1132 1959 de
1154 1898 1251 1977 uinea,
1274 1896 1331 1961 ad-

201 2003 292 2064 missa
315 2008 384 2065 sunt
406 2021 564 2067 servorum
588 2005 651 2067 Dei.
699 2004 763 2067 Cibi
785 2022 871 2083 vero,
897 2020 974 2084 quos
1002 2003 1039 2065 de
1062 2020 1157 2065 coena
1180 2004 1258 2065 misit
1279 2003 1331 2082 illi,

200 2107 338 2170 mandata
361 2116 440 2188 sunl,
464 2129 540 2191 quae
563 2129 617 2192 per
641 2110 742 2172 Filium
768 2110 849 2172 dedit
872 2107 981 2189 populo
1005 2124 1071 2169 suo.
1117 2106 1211 2169 Amici
1234 2115 1331 2170 autem
1421 2120 1430 2136 ⁸

202 2212 260 2291 illi,
284 2230 361 2292 quos
384 2213 413 2275 in
437 2214 562 2277 consilio
587 2213 760 2291 advocavit,
785 2212 883 2295 angeli
906 2218 975 2275 sunl
997 2210 1110 2289 sancti,
1136 2229 1212 2291 quos
1235 2213 1330 2293 primo

202 2319 327 2381 creavit.
373 2317 516 2383 Absentia
540 2337 614 2382 vero
638 2318 715 2391 illius
739 2316 958 2398 patrisfamilias
981 2321 1096 2396 tempus
1117 2323 1173 2394 est,
1197 2315 1276 2395 quod
1300 2318 1330 2378 in

202 2420 363 2484 adventum
393 2424 458 2503 ejus
489 2427 611 2486 reslat.“
659 2426 733 2487 Dico
757 2427 801 2488 ei:
838 2424 994 2504 „domine‚
1025 2423 1182 2505 magnilica
1205 2430 1235 2485 et
1257 2425 1330 2486 mire

202 2528 302 2589 omnia
326 2527 401 2589 haec
422 2545 457 2589 se
479 2529 605 2608 habent,
629 2536 720 2610 atque
744 2531 888 2593 honeste:
922 2526 1062 2608 numquid
1086 2546 1178 2609 ergo,
1202 2527 1331 2607 domine,

202 2632 339 2712 inquam,
362 2632 436 2694 hoec
459 2640 592 2713 poteram
616 2634 812 2717 inlelligere?
858 2635 903 2696 Ne
929 2632 1048 2714 quidem
1071 2633 1215 2713 quispiam
1239 2652 1332 2716 prae·

202 2743 288 2799 terea
310 2736 419 2817 homo,
453 2740 568 2800 tametsi
592 2738 679 2802 valde
704 2739 836 2821 prudens
859 2741 913 2816 sit,
945 2737 1055 2820 poterit
1089 2737 1258 2821 intelligere
1287 2757 1332 2802 ea.

202 2840 263 2902 Sed
288 2860 366 2903 nunc
397 2843 465 2904 mihi
496 2842 683 2922 demonstra,
714 2844 850 2924 domine,
882 2842 962 2924 quod
992 2843 1134 2923 quaero.“
1183 2844 1332 2923 „Quaero

203 2946 285 3027 quod
309 2947 385 3025 vis,“
410 2947 513 3028 inquit.
562 2949 713 3028 „Ouare,“
738 2952 867 3031 inquam,
892 2948 1001 3026 „Filius
1017 2947 1072 3009 Dei
1093 2947 1122 3009 in
1141 2948 1332 3009 similitudine

202 3050 260 3112 hac
285 3052 388 3113 servili
411 3051 479 3115 loco
502 3054 668 3133 ponitur‘l“

293 3155 339 3217 Vl.
389 3154 549 3237 ¹„Audi,“
580 3158 690 3240 inquit,
723 3157 772 3237 „in
802 3153 904 3218 servili
933 3154 1104 3217 conditione
1129 3172 1188 3217 uon
1212 3154 1332 3236 ponitur
1407 3200 1409 3203 -

202 3260 294 3324 Filius
328 3261 403 3340 Dei,
438 3261 492 3324 sed
527 3264 555 3325 io
589 3281 695 3345 magna
729 3267 876 3344 potestate
911 3266 941 3323 et
975 3260 1129 3341 imperio.“
1184 3260 1220 3322 Ei
1255 3258 1332 3323 dixi:

205 3383 289 3445 „quo
318 3364 425 3445 modo,
460 3367 595 3448 inquam,
630 3367 775 3431 dominc?
819 3367 886 3429 Non
919 3363 1081 3447 intelligo.“
1129 3363 1332 3443 „Quoniam,“

201 3470 316 3550 inquil,
349 3472 430 3549 „eis,
460 3488 537 3552 quos
560 3471 633 3533 Filio
656 3489 712 3534 suo
736 3470 871 3549 tradidit,
896 3470 986 3532 Filius
1010 3470 1076 3550 ejus
1098 3470 1219 3532 nuntios
1242 3487 1334 3551 prae-

202 3572 305 3655 posuit
334 3573 370 3636 ad
402 3574 628 3639 conservandos
658 3575 811 3656 singulos3
843 3576 909 3654 ipse
939 3580 1036 3635 autem
1066 3573 1222 3654 plurimum
1245 3572 1334 3634 labo·

201 3679 300 3756 ravit,
332 3677 549 3759 plurimumque
577 3694 739 3758 perpessus
772 3684 832 3757 est,
864 3684 896 3739 ut
924 3677 1058 3741 aboleret
1086 3677 1192 3740 delicta
1221 3694 1334 3739 eorum.

201 3781 291 3845 Nulla
320 3782 397 3843 enim
427 3783 516 3845 vineo
545 3787 644 3863 potest
674 3781 737 3844 lodi
766 3783 832 3844 sine
862 3782 967 3844 labore
997 3800 1032 3844 ac
1061 3779 1175 3843 dolore.
1220 3780 1334 3843 Deletis

201 3887 295 3969 igitur
317 3887 447 3967 peccatis
469 3886 569 3968 populi
593 3886 659 3965 sui,
690 3887 753 3967 ipse
777 3885 890 3948 eisdem
919 3886 1094 3950 monstravit
1116 3884 1222 3948 itinera
1244 3885 1333 3963 vitae,

202 3989 271 4053 data
304 3991 347 4052 eis
379 3990 465 4072 lege,
502 4007 589 4069 quam
620 4009 638 4053 a
666 3991 752 4054 Patre
783 3996 948 4071 acceperat.
1002 3989 1093 4053 Vides
1123 3990 1230 4071 igitur,
1263 4004 1334 4051 esse

201 4093 355 4157 dominum
375 4094 495 4175 populi,
529 4100 648 4176 accepta
672 4115 689 4158 a
712 4096 799 4159 Patre
821 4114 877 4159 suo
901 4097 981 4159 omni
1004 4100 1160 4177 potestate.
1205 4092 1335 4168 ²0uare

201 4266 268 4317 nitas
282 4263 381 4317 Christi.
413 4265 752 4329 Quamseuteutiamutte-
781 4266 883 4334 quidem
902 4266 969 4318 servi
986 4263 1112 4330 habebat,
1138 4279 1228 4317 revers
1248 4247 1334 4317 alutem

198 4367 322 4404 uerendus
334 4353 484 4418 praesertim
500 4368 546 4405 nos
563 4360 697 4405 moverunt
714 4367 753 4416 ea,
781 4367 871 4419 magna
900 4357 1029 4419 potestate
1056 4359 1112 4403 erat
1135 4359 1247 4403 ornatus.
1283 4348 1333 4416 Ipsi

201 4453 269 4506 quse
288 4439 371 4505 eapite
387 4440 504 4507 sequenti
519 4437 552 4490 de
571 4442 755 4493 incarnatione
782 4439 848 4489 enlm
866 4438 942 4490 Pater
966 4452 1054 4489 omnes
1082 4438 1191 4506 populos
1214 4450 1332 4488 omnem-

200 4527 427 4594 Spirilueeuncti
439 4525 507 4577 dicta
521 4524 681 4577 ridebantur.
703 4523 754 4575 Sed
783 4541 833 4592 que
858 4531 1009 4591 potestatem
1033 4523 1144 4576 tradidit.
1180 4523 1229 4589 ipsi
1256 4521 1331 4572 etiarn

201 4610 321 4663 subtilior
346 4613 436 4680 capitis
461 4613 590 4679 sequentis
608 4609 754 4678 explanatio
781 4610 868 4679 augeli
897 4618 955 4663 sunt
987 4610 1097 4672 subditi,
1133 4623 1197 4676 quos
1227 4606 1332 4675 singulis

201 4713 305 4750 omnem
315 4698 407 4750 nodum
417 4698 507 4752 solvet.
526 4695 577 4749 Cir.
589 4696 652 4750 iulra
661 4715 685 4764 p.
694 4696 753 4748 388.
782 4696 925 4749 homiuibus
939 4696 1095 4765 praeposuit.
1120 4694 1234 4760 Speciem
1247 4702 1331 4745 autern

200 4787 277 4837 uoti
291 4793 318 4837 et
326 4789 439 4851 Domer,
450 4783 531 4837 Lehre
541 4800 592 4836 von
602 4783 649 4835 der
658 4784 754 4837 Persou
782 4786 850 4836 servi
870 4800 974 4852 magnus
993 4782 1032 4833 lue
1050 4780 1100 4832 Dei
1127 4778 1192 4830 lilius
1211 4778 1268 4829 ideo
1288 4780 1330 4829 iu·

201 4869 308 4935 Christi,
322 4870 421 4924 adiali.
432 4890 457 4939 p.
469 4871 614 4923 tat-200.
640 4874 754 4941 Hilpen-
783 4872 910 4923 duendam
929 4869 1039 4937 putavit,
1059 4874 1086 4917 ut
1103 4865 1219 4918 homiues
1234 4880 1248 4915 a
1264 4880 1330 4933 pec·

200 4960 272 5027 fell,
297 4956 339 5009 die
357 4958 466 5026 apostol.
485 4958 563 5011 Vites
580 4965 631 5008 etc.
651 4974 675 5025 p.
698 4957 753 5008 145.
783 4960 847 5009 catis
865 4965 891 5007 et
909 4956 1012 5007 interitu
1031 4951 1159 5003 liberares

238 5044 269 5111 1)
287 5042 382 5098 Seuero
399 5053 454 5099 este
477 5043 556 5098 Filios
575 5042 625 5096 Dei
642 5045 755 5112 speeiem
818 5042 847 5110 2)
865 5039 1201 5110 Sequentistortossevarie
1212 5046 1331 5108 corrupte

1050 5126 1124 5195 25}
