3067 6450
510 1170 531 1225 r.
551 1169 735 1225 cussanus
753 1170 798 1224 no
819 1170 893 1226 coa.
912 1170 930 1225 r.
949 1170 980 1225 n.
1266 1179 1307 1243 55

183 1332 269 1397 robis
297 1331 485 1413 factasunt,
518 1341 548 1397 et
571 1336 600 1397 in
624 1334 679 1397 Dei
710 1332 852 1418 'legibus
883 1335 1071 1415 ambulastis,
1100 1335 1114 1373 ²
1128 1338 1307 1420 praepositis

183 1439 290 1502 vestris
312 1436 440 1515 subditi,
462 1446 491 1501 el
514 1439 728 1521 presbyteros,
759 1443 901 1520 quisunt
924 1440 1001 1503 inter
1024 1459 1097 1520 vos,
1121 1440 1222 1505 debito
1246 1442 1306 1506 ho·

183 1560 255 1607 roro
281 1549 509 1625 prosequentes.
554 1542 734 1622 iuvenibus,
770 1551 802 1607 ut
824 1547 976 1609 rnoderala
1001 1554 1031 1608 et
1053 1546 1177 1611 honesta
1203 1553 1305 1610 secta-

183 1652 299 1728 anua,
330 1649 505 1724 mandastis3
536 1650 708 1711 mulieribus
738 1651 767 1711 in
799 1652 984 1733 inculpabili,
1014 1651 1138 1714 ltonesta
1170 1657 1200 1714 et
1224 1660 1305 1717 casta

183 1754 362 1816 :onscienlia
386 1754 482 1815 ornnia
509 1771 658 1836 peragere
680 1754 831 1835 jussistis,
863 1751 1052 1838 ³diligentes
1079 1759 1199 1819 rnarilos
1221 1775 1304 1835 suos,

183 1865 266 1921 trout
290 1857 421 1920 ollicinru
439 1857 583 1941 postulat;
607 1863 636 1920 el
657 1858 895 1922 inobedientiae
919 1858 1063 1924 ‘canone
1086 1878 1120 1922 se
1143 1862 1304 1922 eontinen-

185 1981 231 2041 es,
254 1980 305 2024 res
326 1962 503 2025 domesticas
523 1981 588 2025 curn
606 1964 752 2045 gravitate
774 1966 980 2028 administrare
1004 1965 1158 2042 docuistis,
1183 1966 1302 2026 oraniuo

183 2075 303 2132 toneste
326 2086 360 2130 se
381 2076 534 2152 gerentes.

333 2259 366 2321 ll.
413 2259 612 2325 Continualio
636 2262 742 2325 lundis
761 2264 884 2343 prioris
910 2264 1151 2326 Corinlbioram.

261 2382 373 2446 Omnes
391 2382 489 2445 burnill
507 2386 604 2448 animo
624 2388 723 2464 eratis,
747 2388 777 2449 in
797 2387 876 2449 nulla
899 2406 932 2449 re
952 2388 1031 2449 inani
1050 2385 1222 2468 gloriationi
1243 2384 1301 2449 de·

183 2485 234 2565 liti,
257 2487 324 2550 aliis
343 2484 490 2571 ⁶snbjecti
508 2491 619 2572 potius,
641 2510 726 2572 quarn
744 2492 818 2555 alios
838 2492 922 2555 rubis
942 2492 1146 2573 subjicientes,
1166 2487 1300 2555 ⁶luben·

183 2592 229 2654 ios
261 2590 385 2671 dantes,
416 2612 504 2674 qaam
536 2597 726 2678 accipientes.
773 2597 827 2659 Dei
860 2591 994 2658 'viatico
1026 2597 1175 2673 contenti,
1209 2601 1238 2657 el
1260 2595 1297 2658 ad

183 2697 265 2760 rerba
294 2697 361 2779 eJus
390 2697 550 2781 diligentur
581 2693 814 2780 ⁸attendentes,
848 2703 948 2765 intimo
972 2695 1155 2764 ⁹recondita
1179 2701 1208 2763 in
1232 2702 1297 2764 vis-

183 2803 291 2865 aribus
320 2804 486 2867 servabatis
518 2807 608 2868 verba
640 2809 723 2889 ejus,
757 2809 884 2890 ejusque
916 2808 1072 2889 passiones
1105 2807 1189 2867 vobis
1223 2825 1296 2888 prae

184 2902 305 2970 'oculis
330 2914 422 2971 eraut.
466 2910 515 2975 sic
537 2911 594 2972 alta
615 2918 644 2972 el
659 2911 812 2975 abundans
830 2932 903 2995 pax,
927 2930 993 2974 curn
1011 2911 1182 2993 inexplebili
1198 2911 1295 2974 bene-

183 3011 299 3074 'soiendi
322 3011 488 3090 desiderio,
512 3016 648 3077 omnibus
672 3016 738 3078 dato
762 3016 831 3094 lnit3
855 3017 942 3098 plena
966 3016 1053 3078 eliani
1076 3033 1167 3096 super
1189 3033 1294 3078 omues

183 3117 291 3201 piritus
313 3119 407 3181 saneti
430 3116 537 3180 effusio
560 3118 636 3182 lacta
661 3129 704 3183 est
716 3143 726 3198 ;
750 3128 914 3201 sanctaque
938 3121 1090 3184 voluntale
1113 3120 1203 3202 pleni,
1226 3121 1293 3182 sin·

183 3241 241 3286 era
265 3224 353 3286 animi
375 3224 541 3303 alacritate,
578 3243 643 3288 curn
673 3228 719 3309 pia
744 3227 940 3304 collidentia,
975 3244 1078 3288 manus
1109 3233 1225 3286 vestras
1255 3224 1292 3288 ad
1334 3249 1336 3253 ·

183 3328 265 3391 leura
288 3329 519 3409 omnipotentem
543 3332 737 3410 extendistis,
761 3333 963 3415 supplicantes
987 3332 1032 3408 ei,
1061 3337 1092 3391 ut
1115 3336 1196 3391 esset
1219 3346 1292 3413 erga

183 3451 223 3496 *os
246 3434 344 3496 anano
372 3431 554 3516 ¹¹propilio,
577 3437 603 3498 si
626 3438 694 3517 qnid
719 3439 802 3498 inviti
828 3436 1016 3517 peccassetis.
1062 3434 1118 3496 Diu
1142 3438 1291 3513 noctuque

183 3537 286 3600 olliciti
310 3539 398 3600 eratis
423 3557 478 3619 pro
495 3540 634 3603 universa
659 3538 892 3619 ¹²lravernttato,
916 3547 946 3601 ut
963 3556 1103 3600 numurus
1125 3537 1290 3600 electorum

183 3643 223 3705 lei
252 3643 457 3706 misericordia
487 3651 517 3706 et
553 3641 576 3683 '³
590 3646 667 3708 bona
699 3646 882 3709 conscientia
902 3644 1076 3705 salvaretur.
1123 3642 1237 3705 Sincori
1260 3648 1289 3703 et

183 3747 317 3829 implices
339 3749 449 3827 eratis,
478 3755 568 3829 atque
594 3750 765 3832 injuriarum
791 3752 917 3815 invicem
946 3745 969 3786 ¹⁴
986 3751 1183 3811 immemores.
1229 3748 1289 3811 Ss-

183 3975 248 4041 titto,
269 3979 298 4023 nt
316 3971 473 4042 frequentius
491 3974 558 4043 apud
574 3977 712 4044 scriptores
739 3992 828 4028 sonum
847 3985 885 4027 est
906 3979 938 4041 τῷ
957 3977 1075 4042 γενέσθαι.
1102 3976 1246 4024 decessor.

183 4060 324 4112 bristisoos.
759 4062 802 4129 ta)
822 4061 872 4114 cn.
892 4060 981 4113 lPetr.
1000 4060 1025 4124 2,
1047 4059 1093 4110 17:
1120 4056 1161 4122 reis
1179 4054 1286 4123 ddrlpd-

183 4148 231 4217 1⁰)
250 4145 302 4198 cn.
314 4145 367 4200 Gal.
379 4148 403 4213 3,
416 4149 436 4201 l.
464 4147 597 4200 Passiones
608 4151 713 4203 Cariati
741 4168 805 4213 epra.

183 4250 210 4287 er
234 4236 489 4288 communicationem
514 4236 659 4287 idiomatum
680 4236 711 4285 rai
759 4235 801 4294 13)
821 4233 939 4286 Fortasse
952 4233 1088 4303 legendum
1102 4242 1141 4286 est
1153 4231 1286 4297 συναισθῆ-

183 4318 301 4385 αθὴμπα
323 4324 368 4370 τοῦ
392 4321 471 4371 Θεοῦ
499 4331 636 4386 vocantur,
663 4322 709 4374 eir.
738 4340 794 4377 oeta,-
814 4344 848 4368 =
868 4325 1110 4389 eoaamiseretione,
1130 4322 1285 4389 illitpeli‘elv15

183 4411 272 4475 litter,
294 4406 413 4460 Athenas.
426 4408 453 4460 T.
465 4408 483 4461 l.
498 4427 522 4478 p.
532 4409 556 4461 6.
577 4417 603 4459 et
616 4413 709 4478 Gottsr.
737 4425 798 4461 seu:
821 4405 987 4471 συναιτῄωως.
1007 4411 1139 4462 communi
1157 4412 1284 4461 oratione.

183 4512 296 4567 upa,
323 4494 427 4547 historia
446 4495 593 4565 theologico
613 4496 710 4558 critica,
738 4501 839 4547 tlrrooe.
862 4491 1168 4551 zbvdrbaaaeoaeordis.
1180 4498 1284 4546 durrus.

183 4619 188 4633 ·
208 4579 228 4632 Ι·
247 4599 274 4650 p·
293 4582 336 4633 65.
736 4579 1283 4645 Evramioaeiaaa,taarmom'aantmi.tavers.

183 4668 226 4736 tt)
251 4664 331 4725 ‘ratae
371 4669 474 4734 lunius,
501 4666 587 4720 Fellos
615 4677 640 4719 et
667 4667 710 4719 alii
736 4668 891 4720 Lectioblsti
910 4667 1138 4737 plaeetGallandio
1155 4668 1282 4718 vertenti:

183 4754 344 4807 aluotlienr.
362 4754 431 4807 Nihil
444 4764 530 4807 aulem
542 4763 628 4818 mul03
646 4754 710 4810 iltius
735 4759 855 4810 unanimi
874 4773 1016 4820 costenten,
1037 4761 1064 4803 ul
1084 4754 1147 4804 inita
1167 4770 1190 4804 c.
1210 4752 1252 4803 34.

183 4842 242 4907 rim,
269 4851 297 4894 nt
321 4851 379 4910 post
398 4842 544 4894 Wottonurn
565 4841 627 4893 vidit
645 4841 708 4893 Gal·
756 4843 799 4896 tat
818 4842 860 4893 llls.
879 4838 1073 4904 drapwaa'mao«,
1097 4838 1171 4889 rnnle.
1208 4838 1282 4885 Ilar-

183 4929 269 4992 trdina,
278 4928 460 4980 adverbialiter
470 4938 627 4996 usurpatum,
640 4948 706 4996 pro·
734 4933 897 4991 aun-aplanem,
917 4931 1005 4981 ornaris
1021 4930 1090 4978 inter
1104 4942 1154 4979 eos
1166 4927 1282 4994 offences

183 5016 232 5081 itis,
251 5015 293 5067 vel
310 5020 401 5071 wirne
418 5019 543 5086 propitio,
563 5017 624 5068 satis
642 5029 707 5067 coa·
734 5020 908 5069 inermum·
941 5018 1012 5064 brar.
1034 5015 1169 5064 Gaurano.
