3067 6450
435 1177 889 1244 centumcentumn
909 1188 974 1246 xn.
1224 1199 1267 1265 37
1347 1192 1350 1201 ’

148 1346 173 1403 et
195 1342 361 1404 testamenti
384 1340 554 1405 haeredem.
600 1343 630 1408 Si
653 1362 728 1429 ergo
752 1346 848 1411 adhuc
867 1356 896 1411 et
915 1370 971 1432 per
986 1353 1184 1416 Abrabamum
1206 1375 1266 1439 po·

144 1444 229 1526 putus
246 1445 296 1507 ilie
311 1455 561 1511 commemoratus
578 1455 633 1526 est,
657 1453 726 1512 tunc
740 1452 864 1517 scientio
881 1461 982 1518 nostru
998 1455 1034 1519 ud
1051 1457 1265 1537 perfectionem

142 1553 187 1610 est
216 1547 347 1611 redacte,
393 1549 469 1624 Ouid
505 1552 595 1634 igitur
625 1552 694 1614 dicit
721 1554 805 1617 Deus
833 1557 1030 1623 Abrubomo‘t
1080 1559 1266 1636 'Quoniam

141 1652 322 1729 credidisti,
347 1654 403 1717 tibi
422 1656 456 1717 in
464 1657 625 1734 justitium
645 1657 710 1735 suit
732 1658 943 1735 adtributum
964 1684 1034 1727 ecce
1046 1667 1143 1744 posui
1160 1676 1188 1728 te
1201 1687 1264 1747 pa·

139 1759 393 1837 erumpentium,
417 1778 496 1839 quoe
521 1760 553 1822 in
572 1762 742 1842 praeputio
766 1764 898 1827 credunt
918 1765 1060 1831 Domino.

139 1945 216 2008 xtv.
255 1945 495 2025 Testamentum,
516 1951 601 2031 quod
618 1950 721 2013 Moses
738 1957 861 2032 occepit
878 1964 908 2017 et
926 1957 1091 2033 contrivit,
1111 1958 1265 2024 Douiinus

603 2054 692 2118 nobie
710 2055 804 2119 dedit.

233 2171 294 2234 Sed
317 2190 391 2234 sene
413 2169 638 2254 ²queeremus,
669 2197 705 2239 un
729 2176 847 2241 dederit
869 2180 1013 2244 Dominus
1045 2189 1263 2265 testamentum,

139 2276 220 2359 quod
239 2277 372 2358 putribus
392 2280 501 2360 juravit
522 2297 556 2343 se
575 2280 687 2363 populo
707 2280 851 2345 daturum.
891 2284 978 2347 Dedit
998 2286 1134 2369 quidom;
1158 2306 1264 2351 verum

140 2384 180 2445 ilii
205 2389 474 2465 propter‘pecoete
499 2400 552 2446 sue
578 2384 689 2468 indigni
721 2386 855 2466 tuerent,
888 2392 937 2471 qui
961 2393 1141 2474 acciperent.
1186 2392 1265 2455 Dicit

139 2488 219 2550 enim
239 2486 399 2569 propbeta:
424 2483 483 2549 ’et
497 2488 600 2552 Moses
618 2491 650 2550 in
665 2499 767 2553 monte
783 2491 860 2553 Sino
869 2494 1033 2571 jejunavit
1050 2498 1265 2576 quadropintu

138 2591 250 2654 diebus
265 2599 296 2654 et
309 2592 522 2672 quadrapinto
543 2594 696 2670 noctibus,
722 2605 755 2655 ut
775 2603 987 2658 testamentum
1003 2599 1131 2662 Domini
1146 2600 1189 2661 nd
1201 2619 1263 2679 po-

136 2696 248 2776 putum
268 2696 434 2775 occiperet.
480 2691 544 2757 *Et
567 2698 682 2780 occepit
708 2717 725 2759 u
749 2698 877 2762 Domino
900 2700 972 2765 duas
997 2703 1109 2765 tubulus
1137 2705 1263 2785 scriptus

139 2800 233 2884 digito
256 2817 360 2862 monus
378 2799 510 2878 Domini,
534 2801 563 2862 io
588 2803 706 2883 spiritu3
735 2810 907 2885 sumtesque
929 2805 1028 2867 btoses
1051 2805 1204 2869 deterebut
1225 2807 1262 2869 ed

138 2904 298 2988 poputum,
328 2911 359 2967 ut
387 2903 524 2967 truderet.
572 2904 606 2966 Et
635 2906 710 2968 dixit
732 2907 876 2971 Dominus
907 2908 943 2971 ud
966 2910 1085 2973 Mosen:
1121 2908 1262 2988 “Mosen

139 3009 262 3087 Mones,
285 3009 435 3073 descende
454 3010 596 3071 celeriter
602 3031 614 3084 ,·
637 3012 743 3092 inique
761 3012 842 3073 enim
860 3013 1007 3092 seposuit
1023 3015 1161 3093 populus
1180 3022 1262 3091 tuus,

139 3132 231 3194 quem
245 3113 283 3176 de
299 3121 386 3201 terro
402 3114 534 3196 Aepppti
553 3116 703 3179 eduxisti.
741 3116 949 3198 intellexitque
966 3117 1076 3195 btoses,
1099 3116 1179 3198 quod
1202 3119 1262 3178 ite-

139 3237 205 3281 rum
229 3217 363 3282 fecerent
385 3218 548 3303 iningines,
572 3227 602 3282 et
624 3220 749 3302 projecit
773 3220 968 3283 demonibus
992 3220 1120 3298 tubulus,
1145 3220 1262 3283 contri·

139 3327 248 3403 tueque
270 3314 478 3384 sunt'tebutee
507 3323 674 3384 testnmenti
701 3323 850 3386 dominici.
897 3324 1021 3403 Accepit
1043 3324 1141 3404 itaque
1160 3324 1262 3385 Moses

139 3431 362 3503 testamentum,
386 3427 441 3507 ipsi
461 3445 535 3490 vero
555 3425 635 3510 digni
654 3445 714 3489 non
736 3426 865 3487 inerunt.
905 3425 1064 3499 Quomodo
1085 3444 1140 3488 nos
1162 3426 1189 3487 id
1206 3444 1262 3488 ac·

138 3530 318 3611 ceperimus,
341 3528 454 3593 discite.
492 3530 610 3609 Moses,
634 3549 722 3611 quum
745 3537 827 3591 esset
850 3527 1017 3607 ⁶tumulus,
1041 3530 1111 3591 ittud
1129 3530 1261 3611 occepit;

138 3636 226 3697 nobis
243 3640 341 3697 eutem
360 3635 425 3717 ipse
442 3635 584 3697 Dominus
604 3635 714 3712 tribuit,
739 3627 831 3695 ⁷esse
849 3635 877 3696 in
898 3633 1039 3714 poputum
1062 3632 1261 3709 baereditatis,

138 3756 193 3819 pro
217 3738 306 3801 nobis
328 3756 443 3820 pessus.
487 3740 632 3822 Apparuit
655 3758 745 3817 vero,
770 3746 799 3802 ut
822 3745 882 3800 tom
906 3738 946 3800 itti
968 3734 1108 3822 [induci]
1132 3739 1160 3799 in
1185 3755 1262 3819 peo-

137 3841 211 3906 outis
233 3849 526 3923 consummarentur,
550 3852 608 3906 tum
631 3862 687 3907 nos
711 3838 792 3924 ⁸per
815 3845 910 3925 ipsum
933 3842 1080 3904 bnerudes
1103 3842 1170 3904 tucti
1195 3841 1262 3904 Do·

137 3948 206 4013 mini
218 3947 294 4011 iesu
307 3954 511 4011 testamentum
523 3948 738 4030 acciperemus,
754 3943 827 4028 ⁹qui
844 3948 1008 4009 destinatus
1021 3952 1094 4023 emt,
1111 3953 1140 4008 ut
1160 3942 1186 3983 ¹⁰
1197 3946 1261 4027 ipse

136 4053 164 4115 in
188 4053 279 4115 terrie
302 4070 458 4136 apperens,
487 4050 506 4091 ¹¹
522 4052 695 4134 praecordio
718 4060 820 4114 nostre
839 4051 899 4133 jum
923 4069 938 4111 u
960 4058 1056 4113 morte
1080 4056 1209 4111 assumto
1232 4055 1262 4110 et

136 4156 243 4220 traditu
273 4158 385 4219 erroris
414 4157 559 4237 iniquitati
588 4155 739 4219 redimens
766 4174 784 4217 e
810 4155 958 4232 tenebris,
990 4155 1084 4216 verbo
1115 4172 1171 4216 suo
1195 4151 1261 4214 dis·

136 4267 229 4342 ponet
249 4261 381 4324 innubis
401 4267 615 4323 testamentum.
654 4260 800 4341 Scriptum
819 4259 928 4339 quippe
951 4265 1012 4335 est,
1036 4256 1186 4338 quomodo
1201 4255 1262 4316 Pu·

136 4371 200 4444 ter,
222 4364 429 4447 redempturus
450 4381 540 4427 noso
561 4364 708 4442 tenebris,
732 4363 771 4425 itii
793 4362 989 4439 mundaverit,
1013 4367 1043 4422 ut
1064 4361 1120 4423 sibi
1142 4363 1262 4439 pareret

135 4469 279 4552 poputum
301 4477 444 4533 sanctum.
484 4469 560 4531 Dicit
585 4469 674 4551 igitur
697 4468 856 4550 propheto:
885 4463 975 4546 ”epo
991 4464 1152 4539 Dominus,
1176 4463 1262 4524 oeus

170 4588 201 4654 9)
219 4588 285 4640 Deio
303 4587 327 4640 in
344 4587 389 4641 tte.
409 4596 436 4639 ct
454 4586 608 4640 editionibus
621 4586 701 4681 mniop
733 4587 777 4651 to)
797 4584 849 4637 ctr.
870 4586 984 4649 mutter,
1006 4582 1172 4645 dtbnnnsiue,
1196 4578 1223 4630 Τ.
1242 4575 1262 4630 i.

135 4679 288 4743 truupoeite
308 4674 434 4742 tegeretur,
456 4690 522 4743 quse
538 4673 601 4725 inim
615 4674 687 4724 uncis
713 4691 737 4742 p.
760 4673 799 4724 ¹0.

136 4762 173 4831 []
192 4760 282 4813 incius.
302 4769 329 4812 et
341 4775 355 4812 ι
369 4762 453 4826 nobie,
473 4760 538 4813 duce
551 4761 632 4812 reteri
645 4761 686 4810 in·
734 4759 778 4821 tt]
798 4759 841 4811 bis.
855 4761 942 4820 metue,
961 4756 1034 4807 mete.
1062 4760 1126 4805 t'rr.
1140 4757 1261 4803 irenen.

135 4857 260 4917 terpretc,
280 4848 339 4900 ioco
350 4862 397 4901 suo
410 4850 525 4901 restitute
539 4855 604 4899 eunt.
634 4845 685 4897 cn.
712 4851 877 4917 praecordia.

134 4935 249 4987 tibeiiunr
273 4951 371 4987 meum:
397 4938 453 4989 Dee
477 4937 687 4988 Sendecbreiten
735 4934 780 5000 12)
800 4933 855 4983 imi.
875 4932 918 4994 ⁴2,
936 4931 961 4980 o.
980 4929 1004 4980 7.
1041 4926 1111 4978 Duco
1135 4939 1181 4991 per
1198 4936 1263 4989 pro·

134 5026 181 5077 lu
200 5029 247 5093 rip.
266 5025 416 5089 Barnabae,
436 5039 462 5090 p.
482 5020 540 5072 106.
714 5019 815 5087 pbetnm
829 5018 897 5069 Deus
910 5016 985 5068 Peter
998 5014 1030 5065 ud
1043 5012 1132 5064 Filium
1144 5010 1262 5079 loquitur.
