3067 6450
202 1161 231 1221 o
251 1159 455 1233 muscanea]
640 1162 894 1220 momooumn.
1222 1167 1332 1226 mm

204 1322 346 1406 denique,
368 1322 519 1403 Ueserim,
544 1324 692 1388 Nournius
715 1332 746 1388 ot
767 1325 816 1388 ulii
838 1344 917 1389 anno
943 1323 1003 1392 169
1026 1327 1222 1412 Polycarpum
1249 1349 1332 1395 mor-

204 1431 283 1513 tyrio
315 1436 488 1492 coronatum
519 1429 613 1494 fuisse
641 1437 782 1493 statuunt„
827 1429 950 1493 Potitum
980 1433 1006 1494 si
1032 1433 1152 1512 audies,
1175 1434 1332 1518 Polycarpi

202 1534 306 1617 passio
328 1533 365 1595 od
388 1552 497 1597 annum
522 1533 583 1600 175
606 1536 736 1617 pertinet
743 1557 753 1613 3
777 1535 941 1619 Bosnogius
957 1537 986 1599 in
1001 1556 1109 1603 annum
1129 1537 1191 1601 178
1207 1546 1332 1606 mortem

202 1640 273 1722 ejus
295 1639 391 1722 rejicit
411 1636 449 1724 ¹).

290 1741 324 1804 Π.
362 1743 489 1825 „Neque
512 1744 608 1808 solum
633 1745 727 1808 verbo
747 1751 778 1807 et
799 1745 937 1827 exemplo
957 1764 1082 1829 gregem
1102 1765 1188 1811 soum
1210 1749 1333 1813 instituit

201 1854 307 1931 postor
336 1851 480 1930 optimus,
513 1869 616 1913 uerum
651 1851 736 1913 etiam
764 1853 884 1934 scriptis
919 1852 1048 1915 erudivit
1080 1870 1164 1916 sacro
1199 1852 1332 1918 doctriua

201 1953 335 2031 refertis,
358 1962 447 2035 atque
471 1956 535 2019 viro
559 1955 726 2037 apostolico
750 1955 839 2036 plone
862 1955 970 2038 dignis.
1016 1958 1062 2020 De
1085 1957 1130 2020 his
1151 1958 1225 2020 haee
1245 1958 1333 2021 habet

201 2060 233 2122 in
264 2059 390 2140 epistola
419 2059 508 2122 modo
538 2059 654 2123 laudata
676 2059 817 2124 lrenoeus
834 2058 883 2144 Ὃς
920 2055 986 2124 Καὶ
1008 2057 1042 2126 ἐκ
1067 2061 1130 2124 τιῦν
1154 2056 1333 2127 ἐπιστολῶν

201 2161 240 2228 δέ
263 2157 368 2239 αὐτοῦ,
391 2149 433 2224 ὦν
454 2157 629 2226 ἐπέστειλεν
648 2153 720 2248 ἢτοι
740 2167 813 2237 ταῖς
832 2158 1031 2249 γειτνιώσαις
1048 2161 1238 2252 ἐκκλησίαις,
1260 2161 1332 2231 ἐπι·

202 2265 360 2354 στηρίζων
389 2258 501 2345 αὐτας,
531 2259 635 2354 {jonia
656 2263 806 2354 ἀδελφοῖν
831 2289 915 2347 τισι,
949 2271 1109 2335 νουθετῶν
1139 2266 1253 2346 amous
1281 2267 1334 2335 καλ

201 2362 481 2462 προτρεπόμενος,
512 2370 643 2438 δύναται
674 2374 911 2461 φανερωθῆναι.
956 2377 1002 2441 Ex
1030 2379 1119 2441 uariis
1142 2384 1238 2440 iumen
1263 2380 1332 2460 epi·

201 2481 289 2544 stolis
301 2480 520 2563 Polycarpionis
536 2479 573 2543 ad
590 2499 645 2543 nos
663 2499 719 2543 uno
737 2483 883 2562 pervenit,
900 2489 1040 2562 quaeest
1057 2483 1093 2545 od
1107 2481 1331 2565 Philippensem

202 2586 453 2649 luculentissima
473 2585 599 2664 scilieet,
618 2585 721 2669 judice
738 2587 804 2667 ipso
820 2586 945 2651 Irenaeo
958 2583 1001 2671 ³),
1025 2607 1066 2650 ea
1088 2607 1163 2669 qua,
1189 2589 1330 2668 quicom-

202 2713 263 2775 σοι
285 2691 399 2755 solutis
418 2710 495 2753 suae
514 2710 622 2754 curam
641 2699 762 2771 qeruat,
783 2698 943 2772 poterunt,
966 2694 995 2754 si
1015 2693 1127 2770 voleat,
1151 2702 1181 2756 ot
1197 2692 1332 2771 sormam

200 2797 276 2877 fidei
299 2797 405 2872 iliius,
429 2803 459 2858 et
478 2797 750 2876 praedicationem
772 2799 915 2861 veritatis
938 2817 1144 2878 cognoscem
1176 2798 1269 2877 adeo,
1300 2804 1332 2861 ut

201 2901 282 2964 houd
307 2901 405 2963 mirari
428 2903 544 2980 subeat,
566 2903 592 2965 si
609 2902 686 2984 opud
703 2904 874 2984 primaevos
888 2901 1073 2967 Christianos
1089 2908 1170 2965 tanto
1187 2903 1216 2964 in
1232 2903 1330 2984 pretio

202 3014 234 3071 et
257 3006 374 3069 honore
397 3005 486 3068 fuerit
509 3007 624 3085 habitu,
638 3014 686 3070 .ut
709 3008 738 3070 in
760 3008 855 3070 saeris
879 3026 982 3071 eorum
1011 3008 1145 3070 coetibus
1168 3007 1228 3091 legi
1251 3025 1329 3071 eon·

199 3112 354 3188 nocuerim
386 3111 632 3192 quemadmodum
655 3111 693 3174 ad
716 3131 813 3194 usque
835 3112 1007 3194 Hieronymi
1024 3107 1057 3195 ⁴)
1079 3116 1205 3175 oetatem
1237 3109 1327 3178 sucti-

201 3215 598 3282 mmmmmmm“

290 3321 336 3385 tlt
382 3323 427 3384 De
460 3323 606 3402 epistolae
641 3330 762 3386 nostrae
800 3321 981 3396 authentia,
1020 3339 1037 3383 a
1071 3318 1329 3382 Centuriotoribus

200 3426 524 3509 Magdoburgensibus,
549 3426 669 3491 Deiloeo
694 3434 724 3488 et
746 3426 812 3487 oiiis
828 3423 860 3510 ⁶)
885 3423 1056 3487 indubium
1080 3431 1194 3501 vocatu,
1219 3425 1329 3504 optime

201 3532 363 3613 disputavit
391 3532 438 3593 u'ir
468 3532 657 3595 doctissimus
679 3530 821 3593 Nicolau‘s
851 3529 879 3592 ie
902 3524 1089 3611 Nourry⁶)‚
1123 3529 1207 3609 cujus
1237 3527 1330 3589 verbu

200 3637 352 3712 reserens,
377 3636 539 3700 ieeiorihus
555 3638 631 3719 graii
649 3635 757 3717 aliquid
776 3634 876 3698 iacere
899 3640 986 3715 puto:
1012 3633 1126 3713 „Nemo
1147 3638 1203 3708 est,
1227 3632 1330 3712 inquit,

201 3745 253 3825 qui
271 3743 326 3804 imo
342 3742 371 3803 in
388 3742 513 3823 epistola
530 3760 634 3805 omnes
649 3742 804 3823 scriptoris
819 3738 976 3821 apostolici
993 3747 1079 3801 notus
1095 3745 1124 3799 et
1140 3736 1330 3798 climacteras

202 3847 291 3910 focile
315 3864 374 3908 non
397 3845 620 3909 animadvertat.
666 3846 782 3927 Ubique
805 3847 883 3907 enim
907 3845 1009 3922 verbo,
1035 3844 1141 3927 stylus,
1169 3842 1330 3922 ingenium,

201 3953 319 4033 otiaque
342 3953 440 4014 omnia
466 3951 543 4013 iiiam
566 3970 583 4012 u
607 3952 672 4015 uiro
696 3969 769 4012 uere
790 3949 966 4032 apostolico,
989 3949 1077 4011 immo
1099 3955 1130 4010 et
1148 3947 1183 4008 ub
1203 3948 1332 4027 ipsomet

202 4058 370 4140 Polycarpo
394 4058 533 4138 scriptam
558 4073 627 4117 esse
650 4064 753 4136 operte
778 4054 935 4136 produnt.“

293 4161 419 4242 „Neque
442 4178 516 4223 vero
539 4161 601 4241 insa
626 4166 736 4223 tuntum
760 4160 905 4242 epistola,
936 4158 989 4223 sed
1013 4165 1107 4221 tesies
1131 4159 1217 4220 eiiam
1241 4156 1331 4218 locu-

237 4316 266 4373 1)
291 4313 357 4365 Vide
387 4317 533 4368 Jaooisaa.
564 4314 623 4366 edit.
656 4314 755 4367 Petrum
783 4316 897 4382 suchunq
921 4313 998 4365 thoni.
1018 4312 1101 4364 Struit.
1120 4310 1157 4373 ΙΙ,
1176 4308 1210 4361 36
1228 4310 1279 4376 oq.)
1305 4315 1332 4361 et

202 4402 312 4471 apostoi.
334 4402 365 4453 od
393 4398 426 4453 li.
445 4400 473 4453 Τ.
492 4400 511 4453 Ι.
531 4418 556 4469 p.
576 4399 658 4452 ivm.
785 4407 889 4466 liuntur,
905 4400 1050 4452 Biiniinthek
1064 4400 1088 4449 oi.
1101 4395 1330 4463 unumquemq.

237 4508 269 4575 2)
290 4505 334 4573 Ερ.
349 4504 380 4556 od
394 4504 490 4557 Fior'in.
503 4506 571 4573 apud
584 4504 679 4557 Eunu,
692 4504 755 4559 nin,
783 4490 933 4558 Nuuperrime
953 4487 1092 4556 Epistolom
1112 4486 1138 4536 S.
1156 4484 1288 4552 Polycarpi
1307 4485 1331 4533 ia

204 4594 268 4646 ecci.
289 4593 320 4657 V,
338 4592 380 4644 20.
783 4578 886 4628 dubium
900 4583 1022 4626 uocarunt
1033 4578 1220 4642 saumonem
1234 4571 1330 4621 Tobio-

238 4698 269 4765 ν
499 4661 563 4789 m
782 4668 891 4815 miz,
904 4655 1332 4816 u:‚eriztuttiu·¹t:

240 4810 270 4876 4λ
291 4808 330 4861 ⁰⁰
348 4812 410 4862 ’Μ’
429 4811 515 4863 ⁵¹¹⁰⁸²¹·
536 4827 558 4861 ⁰·
582 4810 621 4861 ¹⁷·
782 4836 881 4903 aposto!
901 4836 986 4898 vater,
1002 4834 1073 4885 unu
1092 4831 1163 4882 teos.
1179 4829 1260 4896 ροιι
1274 4843 1329 4895 ης.

240 4924 268 4984 5)
297 4924 429 4977 Balineum
458 4925 566 4976 maximo
591 4924 672 4976 secuti
699 4932 757 4974 sunt
818 4924 845 4981 6>
865 4924 958 4990 Appon.
978 4922 1009 4973 ud
1027 4918 1219 4972 Bibliotbmux
1232 4913 1330 4967 Puteum

209 5012 344 5064 §anterus
370 5011 415 5076 (nd
440 5014 631 5081 Βσαοιςινιιιι,
662 5006 848 5070 Unica-111.
