3067 6450
230 1191 331 1246 nxxm
424 1200 430 1207 ·
667 1182 923 1264 raoraaouann.
1191 1155 1364 1252 massam

230 1354 268 1417 de
292 1353 452 1429 doctriua,
473 1356 569 1429 prout
583 1346 622 1410 olr
640 1347 694 1423 iis,
718 1346 773 1426 pai
792 1344 924 1407 Verbum
939 1344 1023 1406 oilae
1039 1344 1102 1424 ipsi
1118 1355 1357 1427 conspexerant,

230 1459 427 1539 Polycarpus
459 1461 642 1535 occeperat,
682 1451 788 1513 eodem
821 1469 956 1528 prorsus
987 1449 1081 1513 modo
1115 1451 1297 1532 referebat,
1330 1453 1358 1512 ia

231 1561 373 1626 omuibus
397 1581 465 1624 cum
481 1559 648 1639 Scriptura
669 1575 766 1620 sacro
791 1555 998 1618 consentiens.
1038 1555 1191 1619 Hactenus
1210 1554 1358 1636 irenaeus,

231 1667 282 1748 qui
313 1673 344 1729 et
377 1666 446 1727 alibi
476 1664 639 1727 summatim
670 1662 699 1723 in
732 1658 857 1722 eandem
891 1661 1066 1722 sententiam
1102 1660 1176 1723 haec
1208 1657 1358 1745 tmdit¹):

231 1771 295 1833 Sed
317 1780 347 1834 et
369 1771 560 1853 Polycarpus
584 1816 640 1831 ...
673 1785 761 1847 quem
792 1784 851 1827 nos
878 1783 1000 1846 quoque
1022 1765 1127 1827 addua
1145 1765 1359 1828 adolescemus

230 1878 365 1940 uidimus
390 1876 490 1951 (aicit
511 1875 591 1937 enim
614 1872 799 1949 diutissime,
823 1878 853 1932 et
874 1871 907 1932 iu
927 1870 1035 1932 ultima
1055 1878 1222 1947 senectute,
1247 1889 1360 1933 surm

176 2051 181 2057 ⁸
231 1999 299 2042 cum
320 1982 425 2061 pluria
449 1981 572 2042 illustre
591 1995 762 2058 perpessus
786 1975 980 2056 martyrium,
1004 1977 1141 2038 excessit
1163 1994 1181 2037 e
1203 1977 1303 2053 cita),
1327 1994 1360 2037 eo

230 2104 351 2165 semper
373 2086 491 2163 docuit,
516 2103 596 2165 quae
619 2081 658 2144 ab
675 2080 839 2161 Apostolis
855 2082 1023 2159 didicerat,
1048 2092 1178 2163 atquae
1198 2084 1359 2146 etiamnum

219 2192 332 2253 ‘tradit
355 2190 512 2266 Ecclesia,
536 2198 667 2269 atquae
690 2187 762 2249 sola
788 2193 864 2248 suat
884 2188 995 2248 aera.“

322 2296 392 2374 ,llis
424 2300 521 2355 autem
552 2292 713 2369 enarratis,
745 2291 908 2372 paucisque
936 2291 1114 2374 interjectis,
1145 2291 1218 2355 illud
1244 2310 1360 2375 quoque

232 2401 326 2464 refert
362 2400 390 2463 S.
424 2399 529 2476 Pater,
564 2403 728 2459 memoratu
764 2397 895 2479 dignum.
940 2395 1013 2474 lpse
1045 2396 1127 2457 euim
1156 2396 1359 2478 Polycarpss,

233 2507 343 2586 inquit,
374 2522 467 2585 quum
497 2503 526 2563 ei
559 2502 733 2581 aliquando
756 2500 901 2563 Marcion
933 2502 1124 2563 occurrisset
1153 2502 1359 2584 dixissetque,

233 2601 419 2690 e‘rrcyiumoae
441 2595 540 2686 r‘pcia·
570 2607 751 2686 respondit,
781 2596 974 2689 ἕπιγινώσκω
999 2596 1054 2667 adu
1075 2597 1287 2691 πρωτότοκον
1308 2611 1361 2671 roi

233 2715 380 2776 amared

320 2818 404 2880 llaec
422 2817 533 2880 Romae
554 2816 670 2879 llebant.
716 2816 869 2880 Antonino
894 2817 972 2879 enim
996 2817 1159 2896 imperante
1182 2825 1212 2882 et
1235 2818 1359 2884 Aniceto

234 2922 390 2987 ecclesiam
422 2922 610 3003 gubernante
640 2922 669 2985 S.
697 2921 879 3003 Polycarpus
902 2921 1024 2984 Romam
1055 2928 1102 2985 est
1129 2921 1303 3005 proiectus,
1332 2932 1361 2989 ut

234 3027 370 3091 diversas
406 3027 443 3089 de
475 3027 654 3090 celebrando
687 3026 829 3109 paschate
862 3027 1020 3107 opiniones
1052 3036 1258 3109 componeret.
1304 3031 1359 3095 Sed

233 3138 341 3194 neuter
370 3131 470 3210 alteri,
503 3139 534 3194 ut
565 3152 581 3195 a
613 3151 698 3197 more
729 3148 785 3193 suo
819 3130 1007 3210 discederet,
1040 3132 1226 3214 persuadere
1260 3138 1359 3218 potuit

233 3238 265 3301 ln
296 3258 369 3321 pace
398 3239 503 3321 igitur,
533 3241 652 3304 vinculo
683 3238 834 3302 charitatis
863 3237 981 3299 minime
1009 3245 1114 3319 rupto.
1138 3238 1358 3323 Polycarpusa

233 3344 262 3407 S.
284 3344 410 3406 Aniceto
435 3343 583 3422 discessit,
606 3352 762 3425 postquam
787 3362 846 3407 non
870 3361 993 3424 paucos,
1017 3343 1144 3408 desertis
1161 3345 1309 3410 Valentini
1331 3355 1359 3411 et

233 3447 393 3511 Marcionis
417 3450 582 3526 erroribus,
605 3449 642 3511 od
666 3449 824 3511 ecclesiam
847 3447 1019 3510 reduxerat.

319 3552 443 3614 lilortem
460 3554 488 3615 S.
506 3553 660 3634 Polycarpi
684 3560 748 3615 acta
773 3554 904 3635 martyrii
928 3554 993 3635 ejus
1015 3555 1101 3617 nobis
1119 3554 1246 3619 tradunt
1295 3558 1359 3631 Ouo

233 3662 330 3718 aulem
353 3675 431 3718 anno
456 3657 575 3737 praesul
599 3658 727 3737 optimus
752 3677 770 3719 e
794 3660 852 3719 vita
877 3658 1067 3738 discesserit,
1098 3661 1175 3722 inter
1203 3661 1310 3724 doctos
1332 3668 1360 3724 et

232 3777 332 3821 rerum
357 3758 638 3841 chronologicarum
661 3765 820 3842 magistros
844 3762 1016 3846 disputatur.
1063 3765 1259 3847 Polycarpum
1283 3785 1359 3831 auno

235 3860 297 3926 147
320 3882 439 3943 passum
463 3883 533 3925 esse
556 3866 618 3926 vult
640 3865 849 3946 Peorsonius,
877 3888 964 3949 quem
988 3876 1152 3951 sequuntur
1177 3870 1359 3950 Dodwellus,

234 3966 368 4043 Canens,
399 3966 569 4030 Lardnerus
599 3978 628 4032 et
652 3970 881 4055 Gattanotus‘l).
927 3974 1096 4038 Secundum
1119 3974 1303 4040 Buraterium
1332 3984 1360 4040 et

234 4069 411 4146 Sileronium
425 4070 457 4153 ³)
481 4072 636 4156 l’olycarpi
660 4078 832 4158 rrrarlyrium
854 4077 963 4141 reterri
985 4077 1074 4140 debet
1091 4080 1127 4140 ad
1148 4099 1256 4143 annum
1283 4080 1359 4158 161;

229 4177 314 4257 juxta
331 4173 481 4239 Norisium
499 4183 527 4239 et
544 4179 759 4244 tillemontium
782 4183 818 4244 ad
835 4202 943 4246 annum
962 4180 1022 4247 166
1032 4205 1041 4259 ;
1061 4186 1146 4266 juxta
1163 4187 1359 4268 Scaligerum,

233 4280 400 4359 valesium,
432 4281 616 4346 Gieselerum
648 4293 677 4348 et
699 4288 870 4351 Neandrum
903 4286 939 4349 ad
968 4307 1076 4351 annum
1106 4287 1184 4366 1673
1215 4289 1360 4356 Baronius

269 4415 298 4484 1)
318 4416 383 4467 Adv.
403 4416 471 4469 haer.
491 4417 569 4484 tlte
597 4422 662 4489 apud
682 4426 782 4478 Blaesi.
811 4427 931 4492 martyrio
956 4440 1013 4477 esso
1038 4436 1200 4492 coronatum,
1227 4432 1287 4497 quis
1307 4430 1359 4482 Eu·

232 4503 294 4555 nist.
314 4503 376 4555 eccl.
395 4502 437 4567 w,
459 4504 499 4556 tl.
810 4514 896 4563 sebius
909 4512 984 4576 tillet.
999 4513 1062 4564 eccl.
1076 4513 1117 4578 tt,
1134 4515 1177 4577 15)
1190 4520 1359 4570 uenationem

267 4590 296 4652 2)
317 4589 434 4642 Biblioth.
454 4600 569 4648 veterum
589 4591 696 4646 Petrum.
717 4596 743 4649 T.
762 4596 783 4649 1.
810 4599 842 4650 de
867 4602 985 4665 martyrio
1004 4598 1138 4668 Polycarpi
1161 4618 1217 4653 cam
1240 4604 1292 4655 tine
1314 4621 1358 4656 cs·

232 4673 332 4745 Proleg.
352 4695 377 4745 p.
397 4676 440 4729 XC
459 4696 496 4747 sq.
810 4689 868 4753 pitis
889 4687 918 4735 tl
938 4688 1080 4738 arctissimo
1098 4687 1245 4756 conjungit,
1265 4692 1359 4742 ubido

267 4762 296 4826 3)
316 4768 466 4818 Sticreniur
485 4765 564 4830 (uber
583 4766 784 4834 das'lodesjshr
811 4783 891 4824 anone
911 4775 1030 4824 Antonini
1049 4772 1085 4824 Pii
1111 4782 1136 4825 et
1161 4774 1193 4826 de
1217 4777 1289 4827 initio
1310 4779 1357 4829 im·

232 4846 334 4901 lustin's
346 4851 370 4901 d.
384 4851 454 4902 ltlort.
467 4855 491 4902 in
505 4855 609 4921 lllperrii
620 4853 783 4918 ,renuebam
811 4861 874 4924 perii
889 4859 964 4910 tlarci
979 4860 1073 4910 Aurelii
1086 4858 1164 4911 verba
1177 4860 1284 4914 lecerat.
1307 4862 1357 4915 cn.

233 4933 273 4985 lltr
296 4936 337 4986 dio
361 4937 419 4987 hist.
438 4935 543 4989 Theol.“
573 4939 644 4991 18⁴2.
670 4941 742 4995 Faue.
762 4944 780 4996 1.
809 4944 935 5013 Tabinger
960 4946 1038 4998 theol.
1064 4945 1257 5012 Quartolsclrrilt
1284 4948 1357 5003 asts,

233 5036 257 5101 p.
273 5021 318 5100 3⁴¹)
336 5024 448 5099 conjicit,
466 5023 633 5101 Polycarpum
648 5044 714 5083 nuno
733 5032 778 5085 161
808 5049 834 5106 p.
854 5031 912 5085 14⁴.

199 5211 298 5299 k
