3067 6450
454 1196 646 1252 matttttutttt
666 1197 691 1291 S,
712 1197 841 1251 tanam.
859 1197 901 1251 tv.
921 1197 952 1254 V.
1201 1199 1262 1266 251

137 1359 308 1424 extendens
331 1352 463 1422 amoram
486 1359 516 1422 in
540 1358 703 1437 Christum,
736 1366 769 1422 ut
791 1378 846 1442 per
868 1359 1020 1442 pulchram
1044 1359 1264 1424 confessionem

138 1470 169 1526 et
193 1463 320 1525 studium
345 1481 459 1540 eorum,
482 1465 530 1544 qui
555 1481 610 1544 pro
634 1465 699 1545 ejus
723 1467 885 1526 certamine
909 1465 993 1526 simul
1009 1465 1104 1526 Deum
1128 1468 1264 1544 orabant,

138 1567 257 1630 coelum
285 1564 292 1603 ¹
306 1573 388 1629 esset
403 1573 590 1648 accepturus,
613 1572 702 1648 utque
719 1569 867 1646 ecclesiis,
889 1586 967 1648 quac
984 1570 1040 1649 ipsi
1056 1586 1111 1650 per
1128 1578 1265 1632 rectores

136 1688 211 1734 suos
242 1677 453 1748 occurrerant,
486 1669 653 1732 mercedem
685 1670 842 1745 redderet,
877 1667 1016 1753 ²gratias
1046 1689 1141 1754 agens
1172 1673 1265 1735 literis

101 1789 108 1793 ’
137 1776 175 1840 ad
200 1794 251 1838 eas
274 1777 388 1854 missis,
420 1776 569 1856 equibus
591 1776 685 1856 gratia
710 1774 869 1857 spiritualis
901 1793 966 1837 cum
994 1777 1072 1837 votis
1096 1781 1126 1836 et
1149 1776 1268 1863 adhor7

138 1881 296 1943 talionibus
331 1878 497 1942 ³stillabat.
544 1880 639 1953 Ouum
678 1898 754 1961 ergo
793 1897 897 1942 omnes
936 1898 1008 1961 erga
1047 1860 1081 1941 sc
1115 1880 1266 1942 benevole

138 1985 263 2048 allectos
284 1990 432 2062 cerneret,
459 1985 570 2045 veritus
594 1991 650 2062 cst,
673 2001 712 2045 ne
734 1983 856 2046 fratrum
879 1983 1007 2045 charitas
1025 1983 1153 2045 studium
1176 1983 1266 2045 eundi

137 2090 175 2150 ad
194 2090 287 2151 ileum
304 2090 457 2165 incideret,
481 2088 548 2149 dum
572 2088 694 2169 pulchra
716 2089 772 2169 ipsi
792 2094 875 2149 esset
894 2096 995 2170 aperta
1016 2089 1144 2168 martyrii
1164 2089 1265 2169 janua.

137 2195 224 2268 Quae
247 2195 283 2256 ad
306 2194 464 2257 ecclesiam
487 2193 688 2256 aomanorum
711 2193 841 2273 scripsit,
864 2193 999 2274 subjecta
1023 2198 1099 2254 sunt.

345 2331 456 2400 Lrpttur
480 2331 523 2382 lie
539 2331 664 2396 Epistola
681 2331 711 2381 S.
731 2329 831 2400 lpnstii
854 2329 888 2381 sd
913 2331 1057 2384 Romanos.
1095 2325 1159 2382 Viso
1181 2345 1266 2400 supra

415 2435 439 2486 p.
461 2415 510 2466 196
529 2432 584 2485 sqq.

336 2697 370 2758 V.
416 2695 558 2777 anatias
580 2697 601 2759 a
623 2695 759 2778 Smyrna
781 2697 912 2759 Romam
935 2696 1070 2759 ducitur.

226 2816 384 2898 Postquam
407 2835 493 2900 ergo,
517 2819 701 2897 ut.volebat,
724 2820 849 2901 epistola
864 2837 918 2881 sua
934 2825 1135 2902 repugnantes
1153 2818 1262 2883 iratres

136 2922 287 2985 Romanos
321 2918 584 3003 ‘composuissem
617 2942 632 2985 a
663 2921 790 3004 Smyrna
819 2923 941 2984 solvens
972 2920 1154 3005 (urgebatur
1185 2925 1263 2985 enim

138 3046 153 3089 a
178 3026 318 3088 militibus
342 3021 620 3108 ⁶Clrristoplrorus,
651 3031 683 3088 ut
710 3026 747 3087 ad
771 3022 916 3107 ⁶putrlioa
939 3028 1108 3107 spectacula
1136 3044 1264 3108 magnae

136 3129 250 3192 Romae
273 3135 468 3210 properaret,
491 3148 551 3210 quo
574 3147 647 3210 prae
671 3129 766 3192 oculis
789 3130 891 3210 populi
914 3129 1038 3191 Romani
1065 3129 1136 3191 loris
1160 3131 1263 3191 bestiis

141 3235 263 3296 traditus
296 3252 438 3297 coronam
470 3236 638 3298 certaminis
673 3231 931 3315 consequeretur)
965 3232 1076 3314 adpulit
1107 3234 1263 3295 Troadem.

142 3332 285 3400 ²Deinde
309 3339 389 3401 illinc
411 3339 556 3420 Neapolin
581 3340 696 3418 ductus,
719 3358 774 3421 per
797 3339 947 3419 Philippos
970 3339 1140 3419 peragravit
1160 3338 1265 3400 llace-

140 3442 258 3504 doniam
289 3436 349 3504 ⁸et
378 3443 454 3505 ultra
484 3444 571 3506 ctiam
604 3462 668 3505 cam
701 3443 783 3525 Epiri
818 3448 949 3523 partem,
984 3435 1090 3521 ⁹quao
1122 3440 1158 3501 ml
1190 3441 1265 3522 Epi-

140 3545 276 3607 damnum
293 3547 347 3607 sita
367 3552 422 3625 cst,
444 3542 468 3583 ¹⁰
479 3548 508 3610 in
524 3548 675 3610 maritimis
692 3548 766 3610 locis
783 3546 851 3607 navi
870 3546 997 3623 inventa,
1013 3563 1068 3626 per
1085 3545 1264 3608 Adriaticum

139 3666 222 3710 mara
245 3649 413 3729 navigavit;
442 3650 512 3712 inde
535 3651 721 3733 Tyrrhenum
745 3651 920 3731 ingressus,
943 3648 1055 3709 insulas
1079 3654 1108 3710 et
1130 3649 1264 3710 civitates

138 3752 254 3814 transiit
264 3772 273 3827 ;
304 3754 494 3833 ostensisque
524 3762 629 3817 sancto
659 3756 723 3817 uiro
747 3754 894 3830 Puteolis,
922 3752 987 3832 ipse
1017 3752 1135 3832 quidem
1161 3750 1265 3833 agredi

138 3908 181 3954 ρον
205 3909 226 3937 κ.
245 3907 268 3937 τ.
286 3889 306 3936 λ.
341 3887 394 3940 Nos
420 3891 521 3941 minima
549 3892 688 3943 mutatione
715 3892 814 3958 putavit
830 3890 896 3952 πεζῇ,
918 3890 976 3957 quia
994 3898 1067 3940 vetus
1084 3889 1169 3938 versio
1188 3886 1265 3940 latins

137 3975 246 4045 legimus
275 3977 348 4042 πίρα,
379 3990 435 4026 uam
464 3980 525 4041 napo
552 3976 689 4044 (Aduerb.)
714 3978 745 4028 ab
764 3975 866 4028 Usserio
886 3977 953 4027 edita
975 3975 1064 4026 habete
1091 3977 1267 4041 pertransivit

139 4084 176 4110 =
196 4065 276 4127 ultra,
296 4064 410 4115 duriter
426 4064 533 4116 masas.
570 4061 597 4112 lu
616 4065 688 4128 prio·
716 4056 1266 4132 Macedonismpsdss,sttmamldmr-

137 4147 208 4198 ribus
249 4146 404 4197 editionibus
445 4147 510 4198 alios
552 4157 689 4216 sequentes
715 4151 779 4214 ρον),
794 4149 1102 4217 qussadEpidmnaiuaa.
1120 4144 1265 4198 Lectionem

137 4233 299 4299 scripsimus:
319 4235 358 4280 καὶ
376 4234 431 4299 περὶ
448 4229 491 4294 rq'r
505 4228 620 4299 Ἤπειρον
715 4234 771 4285 Alsti
791 4233 904 4285 defendit
922 4233 965 4284 Dr.
980 4236 1055 4287 Natta
1074 4233 1112 4292 (iu
1127 4235 1264 4297 Scltsirrcr,
1327 4283 1332 4290 ,

138 4317 204 4366 ἔπλει
224 4315 253 4365 τό
269 4312 421 4384 'Adptursadr
443 4319 556 4385 naiores,
583 4323 599 4369 ί.
619 4334 642 4369 e.
666 4329 689 4372 ol
715 4319 861 4370 zeitschritt
886 4318 926 4370 fdt·
952 4316 1048 4369 tisthai.
1075 4315 1163 4369 Theoi.
1193 4316 1265 4367 Wien

138 4406 172 4457 sd
190 4421 247 4456 uas
259 4406 339 4473 Epiri
354 4413 466 4474 purtem,
485 4421 550 4474 quus
567 4407 601 4458 ad
617 4407 687 4473 tapi-
717 4405 792 4455 1854,
812 4421 836 4471 p.
856 4405 929 4471 235).

137 4491 263 4541 hmanas
274 4498 431 4558 cst...psr
443 4493 605 4544 Adriaticum
616 4507 690 4543 arara
749 4489 778 4546 9)
797 4489 815 4539 l.
839 4505 861 4541 c.
887 4490 978 4557 Epirus
1003 4504 1069 4540 nova
1096 4488 1265 4555 (septentrio-

136 4577 282 4644 asaipscit.
318 4573 369 4626 Sed
394 4591 483 4627 revera
501 4575 613 4642 lgnanm
638 4589 688 4625 non
715 4576 800 4639 nalis),
818 4591 864 4627 seu
876 4574 956 4640 Illyris
969 4590 1070 4642 graeca,
1089 4571 1265 4641 distinguenda

138 4674 186 4725 per
221 4658 377 4710 Adriaticum
417 4676 485 4711 mare
520 4660 687 4728 Epidamnum
715 4662 746 4712 ab
765 4660 846 4726 Epiro
865 4669 953 4713 vetere
972 4659 1164 4719 (meridionali).

136 4742 279 4810 (Epirum),
292 4743 337 4795 aad
350 4745 381 4795 als
395 4743 533 4811 Epidamno
548 4746 580 4797 ad
594 4746 688 4797 Adris-
736 4747 779 4810 10)
799 4746 817 4798 l.
837 4762 860 4798 a.
879 4745 921 4797 vel
938 4745 1071 4813 Epidamni
1093 4743 1135 4794 vel
1154 4741 1265 4809 Apollo·

137 4831 215 4880 ticum
233 4844 303 4881 mars
321 4833 443 4895 pervenit.
479 4833 630 4885 Uillianus
649 4831 688 4896 (in
715 4834 790 4895 aiae;
816 4849 848 4883 ex
871 4840 978 4900 utraque
1002 4831 1066 4881 urbe
1091 4831 1132 4880 via
1158 4827 1264 4895 Egnatia

137 4916 263 4978 Niara,
281 4911 427 4966 Zaitsclrrlit
441 4915 481 4968 idr
499 4916 586 4968 histor.
600 4916 688 4969 Theol.
714 4917 812 4968 initium
832 4918 909 4983 cepit.
947 4913 998 4968 cn.
1016 4917 1101 4985 Pessi,
1121 4913 1138 4967 Ι.
1157 4930 1179 4966 c.
1200 4912 1263 4966 Dis·

138 4998 216 5051 last.
245 5015 273 5067 p.
301 4997 365 5064 268)
394 5013 441 5067 pro
470 5003 526 5069 napi
553 5002 689 5072 legendum
714 5010 776 5054 sert.
795 5002 814 5053 l.
833 5019 858 5069 p.
877 5001 894 5054 Ἄ
913 5007 940 5052 at
957 5001 982 5054 3.
