3067 6450
403 1202 542 1259 ttltttm
561 1203 695 1258 PASTOR.
731 1204 828 1258 LIBER
845 1203 887 1258 ill.
924 1204 1049 1260 stultis.
1068 1204 1109 1262 lX.
1253 1209 1319 1275 429

282 1363 385 1426 XXlll.
432 1364 498 1445 ,De
520 1370 608 1430 sexto
631 1384 707 1430 vero
731 1372 841 1445 monte,
863 1366 992 1431 habente
1014 1366 1162 1431 scissuras
1187 1370 1318 1451 majores

191 1473 225 1533 et
246 1469 396 1532 minores:
419 1470 589 1552 hujusmodi
612 1478 689 1551 sunt,
713 1473 763 1553 qui
779 1471 979 1536 crediderunt.
1025 1471 1081 1535 ¹Et
1104 1474 1143 1552 bi,
1165 1474 1318 1555 inquibus

190 1576 345 1640 scissurae
367 1576 499 1638 minores
523 1583 623 1657 erant,
653 1577 790 1657 bisunt,
818 1578 869 1658 qui
892 1577 969 1639 inter
990 1595 1025 1639 se
1047 1577 1156 1641 habent
1180 1579 1266 1658 lites,
1290 1586 1320 1642 et

189 1687 318 1762 propter
340 1682 480 1762 querelas
503 1699 574 1744 suas
598 1683 627 1744 in
650 1681 708 1745 fide
730 1683 874 1765 languent
882 1703 891 1758 ;
915 1681 968 1744 sed
985 1683 1066 1745 multi
1085 1701 1124 1745 ex
1139 1684 1175 1746 iis
1191 1691 1321 1767 egerunt

190 1785 417 1868 poenitentiam,
441 1785 580 1867 idemque
596 1787 708 1849 caeteri
725 1786 834 1849 iactent
850 1785 956 1849 auditis
973 1787 1116 1850 mandatis
1134 1789 1225 1865 meis;
1250 1790 1320 1851 exi-

190 1906 274 1973 guae
297 1889 374 1952 enim
397 1897 468 1953 sunt
489 1891 556 1953 lites
580 1908 694 1969 eorum,
717 1908 752 1953 ae
770 1889 856 1952 iacile
871 1891 907 1952 ad
924 1892 1135 1972 poenitentiam
1150 1900 1317 1956 recurrent.

190 1992 233 2058 Ar
255 1995 295 2073 bi,
317 1994 368 2074 qui
391 1996 523 2077 majores
546 1995 664 2074 habent,
687 1995 763 2058 sicut
778 1994 891 2075 lapides
908 1996 1076 2077 pertinaces
1093 2003 1190 2076 erunt,
1213 1997 1319 2060 simul-

190 2103 286 2162 tatum
308 2106 339 2162 et
360 2097 542 2164 otlenserum
566 2105 635 2162 sunt
658 2116 821 2177 memores,
851 2099 1032 2167 iracundiam
1059 2103 1135 2164 inter
1166 2119 1201 2164 se
1224 2120 1319 2165 exer-

190 2210 307 2268 centes.
352 2204 388 2268 ili
412 2223 487 2287 ergo
510 2204 618 2287 abjecti
641 2210 710 2267 sunt
732 2222 748 2266 e
771 2203 863 2282 turri,
893 2212 924 2267 et
951 2223 967 2267 a
999 2212 1147 2269 structura
1175 2208 1241 2288 ejus
1264 2225 1319 2270 re·

190 2309 310 2391 probati
318 2329 327 2386 ;
342 2309 513 2391 bujusmodi
529 2327 603 2394 ergo
620 2308 755 2371 bomines
772 2308 891 2372 diiticile
902 2309 1012 2373 vivent.
1036 2311 1118 2375 Deus
1133 2318 1162 2374 et
1174 2312 1318 2375 Dominus

190 2421 308 2494 noster,
318 2415 382 2496 =qui
398 2413 565 2478 dominator
580 2415 708 2478 omnium
725 2432 835 2493 rerum,
852 2421 882 2477 et
897 2421 1053 2478 creaturae
1069 2434 1142 2479 suae
1158 2419 1319 2481 universae

191 2517 281 2582 babet
305 2524 492 2601 potestatem,
517 2519 647 2581 offensas
671 2520 843 2581 meminisse
865 2538 926 2583 non
948 2521 1028 2601 vult,
1051 2520 1105 2584 sed
1129 2522 1166 2584 ab
1189 2521 1244 2601 bis,
1268 2523 1319 2602 qui

191 2630 317 2706 paccata
339 2643 393 2687 sua
415 2624 610 2703 confitentur,
634 2622 721 2686 facile
742 2624 884 2705 placatur.
929 2625 1023 2688 Homo
1047 2645 1139 2705 vero,
1169 2645 1259 2707 quum
1282 2627 1320 2689 sit

190 2726 361 2811 languidus,
384 2729 527 2808 mortalis,
551 2728 683 2802 infirmus
706 2735 736 2791 et
759 2728 891 2810 repletus
916 2731 1056 2812 peccatis,
1080 2731 1191 2794 bomini
1216 2729 1320 2813 ²per-

190 2839 370 2897 reverenter
385 2835 531 2914 irascitur,
547 2841 695 2915 tamquam
711 2830 916 2897 ³conservare
932 2853 999 2896 eum
1015 2835 1108 2917 possit
1120 2841 1170 2898 aut
1180 2834 1319 2920 perdere.

190 2933 260 3020 Ego
282 2943 381 3001 autem
404 2956 459 3001 vos
483 2956 607 3018 moneo,
635 2939 753 3002 nuntius
777 2944 808 3001 et
830 2941 1017 3022 praepositus
1044 2941 1257 3020 poenitentiae,
1277 2946 1318 3018 ut,

192 3040 376 3124 quicumque
399 3045 584 3127 propositum
608 3043 665 3105 tale
688 3042 812 3122 bebetis,
835 3042 991 3124 deponatis
1007 3042 1087 3121 illud,
1112 3043 1191 3106 etad
1208 3043 1318 3124 poeni-

190 3147 315 3208 tentiam
350 3147 529 3224 recurratis;
567 3154 597 3210 et
631 3147 775 3210 Dominus
813 3149 979 3210 medebitur
1015 3147 1164 3231 prioribus
1202 3146 1317 3209 delictis

191 3252 323 3331 restris,
353 3254 379 3315 si
402 3253 438 3315 ab
461 3252 518 3316 boc
542 3252 698 3315 daemonio
721 3269 778 3316 vos
802 3253 1027 3334 purificaveritis
1034 3273 1044 3329 3
1071 3253 1117 3315 sin
1144 3254 1257 3331 minus,
1280 3249 1317 3313 ad

191 3362 319 3420 mortem
342 3356 495 3420 trademini
519 3357 588 3420 illi.“

281 3460 385 3524 XXIV.
421 3462 487 3543 „De
510 3468 610 3526 monte
633 3480 707 3525 vero
728 3463 865 3544 septimo,
889 3462 917 3523 in
933 3479 994 3542 quo
1011 3460 1146 3525 ⁴virides
1163 3468 1193 3524 et
1207 3460 1318 3525 bilor'es

191 3570 278 3630 eram
302 3566 424 3644 herbae,
448 3571 477 3628 et
501 3571 580 3629 totus
603 3583 689 3630 mons
713 3565 820 3629 fertilis
843 3571 915 3644 erat,
939 3583 1087 3648 omneque
1106 3584 1204 3651 genus
1221 3585 1318 3649 pecu-

190 3669 262 3734 dum
286 3671 448 3753 carpebant
470 3670 608 3752 pabulum
633 3690 672 3734 ex
695 3670 797 3733 herbis
829 3671 936 3733 montis
963 3670 1115 3753 ejusdem,
1147 3679 1177 3733 et
1207 3677 1317 3751 quanto

189 3774 288 3857 magis
327 3772 439 3837 berbae
475 3774 544 3837 illoc
582 3775 794 3856 carpebantur,
834 3781 914 3838 tanto
952 3776 1093 3839 laetiores
1130 3776 1315 3837 renitebant:

190 3877 361 3962 hujusmodi
384 3884 470 3957 sunt,
502 3881 551 3960 qui
575 3880 782 3959 crediderunt,
810 3879 959 3961 simplices
983 3886 1011 3941 et
1035 3880 1105 3943 boni
1128 3896 1263 3960 semper,
1286 3884 1317 3941 et

189 3982 287 4046 nullas
311 3982 454 4045 babentes
478 3984 555 4045 inter
577 4001 611 4047 se
634 3984 858 4063 dissensiones3
886 3985 940 4048 sed
966 3986 1111 4049 laetantes
1138 4003 1256 4067 semper
1278 3983 1316 4048 de

190 4087 290 4150 servis
313 4085 379 4165 Dei,
403 4086 496 4150 induti
519 4089 651 4169 spiritum
675 4090 824 4171 virginum
847 4090 959 4168 barum,
984 4096 1013 4153 el
1030 4107 1151 4170 semper
1166 4090 1196 4152 in
1212 4107 1316 4178 pmnes

189 4188 327 4254 homines
349 4189 387 4253 ad
409 4189 574 4254 taciendam
597 4193 832 4255 misericordiam
865 4195 1007 4276 prompti,
1023 4198 1067 4272 'et
1096 4192 1135 4255 de
1164 4194 1317 4257 laboribus

190 4296 253 4360 suis
276 4296 390 4359 cunctis
414 4295 580 4360 bominibus
603 4297 691 4362 facile
715 4299 879 4361 tribuentes
905 4298 971 4359 sine
998 4297 1181 4379 improperio
1205 4305 1235 4361 et
1257 4298 1316 4361 de-

189 4398 375 4463 liberatione.
419 4400 490 4463 Visa
520 4401 611 4483 igitur
633 4402 777 4465 Dominus
808 4402 993 4483 simplicitate
1025 4408 1053 4464 et
1085 4404 1166 4466 omni
1195 4401 1316 4466 infantia

190 4521 311 4583 eorum,
334 4505 416 4568 auxit
439 4522 492 4567 eos
515 4506 545 4567 in
568 4506 718 4569 laboribus
742 4525 879 4570 manuum
902 4524 1039 4585 suarum,
1063 4512 1092 4569 et
1116 4506 1196 4570 dedit
1219 4505 1262 4567 eis
1285 4506 1315 4567 in

190 4609 270 4672 omni
292 4626 386 4690 opere
408 4610 541 4692 gratiam.
586 4609 652 4692 Ego
668 4617 766 4674 autem
782 4611 886 4675 bortor
901 4630 969 4692 vos,
991 4613 1181 4694 praepositus
1203 4609 1314 4691 poeni-

223 4779 252 4845 1)
272 4778 325 4832 Cir.
345 4779 377 4832 do
396 4781 485 4834 iisdem
503 4780 580 4833 simil.
600 4778 693 4846 vtlt‚r
714 4788 740 4831 et
802 4784 832 4851 4)
851 4781 902 4834 Cir.
926 4780 1002 4832 Simil.
1023 4778 1092 4843 vttt,
1117 4778 1147 4830 3:
1178 4783 1214 4834 lli
1239 4798 1312 4850 vero,

189 4864 241 4919 Vis.
259 4864 308 4931 lll,
327 4866 352 4918 6.
767 4872 813 4937 qni
830 4871 946 4935 uirides,
965 4869 1036 4920 sicut
1054 4878 1223 4935 acceperant,
1252 4878 1313 4922 tro-

221 4951 253 5017 2)
272 4952 351 5005 Eccli.
371 4952 414 5019 28,
434 4954 458 5008 3.
766 4958 903 5020 ediderunt,
930 4954 1040 5007 modesti
1061 4961 1125 5006 sust
1145 4961 1224 5022 atque
1241 4955 1316 5023 justi

221 5037 251 5109 ³)
268 5038 324 5093 Jsc.
342 5040 369 5106 t,
389 5039 430 5093 ts.
765 5050 816 5093 etc
