3067 6450
141 1198 169 1257 s.
191 1197 338 1268 ranem]
581 1199 834 1257 asciscerem.
1173 1207 1271 1263 uxxm

141 1361 330 1442 episremas,
363 1369 394 1423 et
413 1359 546 1442 panibus
566 1359 662 1439 flecis
682 1363 839 1444 mattaprre
862 1367 1004 1428 oratione
1025 1366 1212 1444 Dominum,
1238 1376 1273 1430 at

141 1483 202 1528 nos
217 1467 360 1546 infirmos
374 1467 413 1528 dc
424 1467 482 1544 eu,
505 1486 585 1548 qaae
598 1466 688 1544 sucta
701 1466 842 1546 sacrant,
865 1480 967 1536 certos
980 1472 1112 1550 faceret,
1134 1492 1271 1537 essemus

138 1574 264 1650 precati
280 1578 337 1633 etc.
383 1571 414 1635 Si
436 1572 514 1634 enim
537 1570 612 1633 haec
636 1570 722 1651 lacta,
743 1572 870 1637 Grabius
886 1575 990 1657 inquit,
1015 1577 1131 1658 ipsimet
1146 1584 1269 1658 specta-

141 1681 226 1739 tores
256 1676 350 1739 oculis
379 1682 614 1757 usurpaverant,
645 1676 714 1756 quid
745 1694 822 1758 opus
853 1685 933 1757 erut,
964 1681 1136 1743 ulteriorem
1168 1682 1206 1744 de
1235 1683 1271 1745 iis

141 1781 350 1845 certitudinem
373 1799 389 1844 a
410 1782 475 1843 Dec
499 1780 678 1861 postulare?
701 1815 743 1825 —
767 1780 828 1845 Sed
844 1781 970 1846 Grabius
992 1803 1134 1868 graecum
1158 1792 1269 1848 textum

140 1885 219 1948 male
241 1886 451 1968 interpretatus
467 1884 542 1947 baec
557 1885 685 1967 objecit;
708 1874 871 1950 αὐτόπται
893 1889 971 1950 enim
988 1888 1027 1950 illi
1044 1907 1103 1951 nan
1122 1891 1160 1951 de
1176 1897 1271 1953 morte

139 1991 257 2073 lgnatii,
280 1989 335 2053 sed
359 1990 398 2053 de
421 2009 460 2054 eu
483 1992 628 2053 certiores
651 1989 716 2054 fieri
740 1991 890 2069 volebant,
920 2010 988 2054 num
1012 1994 1181 2074 martyrium
1205 1995 1271 2076 ejus

139 2096 208 2159 Deo
231 2102 315 2157 essct
337 2101 500 2177 acceptum,
525 2100 554 2157 ut
574 2095 636 2177 jam
660 2096 794 2159 Clericus
817 2097 929 2159 monuit
949 2093 988 2205 ¹2.
1096 2128 1119 2159 η

230 2198 266 2284 c)
290 2200 407 2264 Falsum
430 2217 501 2264 esse
522 2199 675 2264 contendit
691 2200 827 2279 Grabius,
850 2201 930 2282 qaod
952 2220 977 2264 c.
994 2201 1013 2264 7
1033 2202 1165 2285 Ignatius
1187 2223 1271 2267 mor-

141 2315 210 2369 tnus
241 2305 335 2369 luisse
364 2305 477 2368 dicatur
507 2303 686 2369 consulibus
710 2308 797 2385 apud
818 2307 976 2370 Romanos
1001 2309 1113 2371 iterum
1135 2309 1219 2372 Sura
1242 2319 1272 2373 et

139 2411 330 2487 Senecione,
363 2411 381 2473 i.
405 2429 431 2473 e.
462 2428 542 2473 auno
577 2407 648 2472 107.
693 2410 819 2473 Grabius
846 2412 942 2488 cuim,
974 2417 1004 2474 ut
1033 2430 1124 2494 supra
1156 2432 1183 2494 p.
1207 2413 1271 2477 XLl

139 2515 279 2593 vidimus,
302 2534 389 2578 unam
412 2520 521 2577 tantum
538 2513 657 2596 Trajani
679 2512 900 2595 expeditionem
916 2513 1079 2579 Parthicam
1100 2517 1268 2597 admittens,

139 2626 266 2683 mortem
298 2621 327 2684 S.
359 2620 498 2703 Martyris
529 2636 608 2683 anno
642 2614 703 2681 116
735 2618 900 2699 adscripsit.
945 2618 1008 2681 Nos
1042 2628 1146 2684 contra
1180 2624 1269 2686 tutius

137 2725 323 2808 putavimus,
346 2724 430 2786 alteri
453 2723 601 2786 accedere
623 2724 806 2802 sententiae,
834 2741 911 2805 quac
934 2723 1078 2806 lgnatium
1101 2746 1179 2790 anno
1206 2726 1267 2791 107
1300 2724 1302 2729 ’

138 2829 259 2893 cuivis
283 2828 451 2891 decessisse
475 2833 586 2891 censet

229 2930 268 3016 d)
291 2933 428 3015 Objectio
451 2932 583 3010 Usscrii,
606 2930 725 2995 detecto
748 2933 911 3014 exemplari
934 2952 1047 3016 graeco
1072 2936 1179 3016 diluta,
1206 2939 1269 3020 jam

138 3057 155 3100 a
173 3036 284 3101 Grebio
300 3044 346 3100 est
361 3039 479 3101 omissa.
526 3037 663 3100 Usserius
685 3038 716 3099 in
739 3037 846 3102 codice
862 3037 980 3101 Caiensi
1001 3039 1119 3123 legebat
1136 3038 1182 3124 (c.
1198 3039 1267 3126 d.):

135 3161 196 3221 per
223 3143 530 3220 praecedentes
563 3143 685 3205 litteras
717 3145 842 3225 pratias
876 3163 989 3226 aperis,
1025 3147 1191 3226 appositos
1225 3147 1268 3208 ad

137 3250 229 3328 ipsas
251 3254 306 3311 etc.
353 3248 428 3310 Hinc
450 3248 496 3310 vir
519 3247 707 3312 doctissimus
731 3249 894 3328 conclusit,
920 3258 1101 3331 postremam
1123 3254 1267 3314 Actorum

136 3361 255 3433 partem
278 3353 315 3414 ab
338 3353 389 3416 illo
411 3354 559 3434 scriptore
581 3354 675 3417 seculi
691 3355 784 3434 quinti
801 3372 871 3417 esse
887 3355 1064 3433 contectam,
1088 3356 1137 3436 qui
1155 3371 1266 3438 graeca

136 3457 213 3519 Acta
238 3456 267 3519 in
285 3456 418 3520 Latinum
439 3475 609 3522 sermonem
632 3458 788 3537 transtulit,
812 3458 1037 3538 exemptamque
1055 3475 1111 3519 suo
1128 3458 1266 3542 syllogen

135 3561 331 3643 epistolarum
354 3560 458 3643 lgnatii
481 3562 671 3644 praeposuit;
705 3579 791 3642 quam
817 3563 1053 3640 praecedentem
1075 3561 1265 3643 epistularum

135 3665 278 3748 syllogen
312 3667 412 3730 verbis
447 3667 521 3729 illis:
555 3667 783 3744 praecedentes
815 3667 938 3730 litteras
972 3664 1095 3728 indicari
1126 3666 1265 3731 Usserius

134 3771 303 3850 suspicatus
324 3778 378 3834 est.
417 3771 476 3836 Sed
493 3789 618 3854 graeca:
707 3766 764 3833 dcci
779 3776 843 3833 cuir
858 3763 1053 3855 ἡγουμένων,
1074 3760 1266 3854 γραμμάτων

133 3868 333 3959 εὐχαρίστων
354 3869 604 3961 ἐκπεμφθέντων
623 3896 649 3935 κ.
667 3895 695 3936 a.
716 3872 744 3936 i.
767 3877 806 3937 ita
829 3874 992 3937 reddantur
1014 3880 1148 3956 oportet:
1172 3883 1265 3956 atque

134 3977 290 4055 ecclesiis,
314 3998 396 4060 qaae
417 3980 481 4059 ipsi
491 4000 551 4061 per
566 3988 705 4042 rectores
721 3967 937 4063 (ἡγουμένων)
955 3997 1031 4041 saca
1047 3987 1262 4056 occurrerant,

133 4083 305 4144 mercedem
326 4083 482 4160 redderet,
503 4085 627 4164 pratici
646 4102 744 4164 aperis
764 4084 878 4145 titteris
896 4070 1125 4167 (γραμμάτων)
1145 4084 1188 4146 ad
1208 4102 1264 4146 ear

130 4185 239 4248 missis
261 4181 354 4269 (Cod.
379 4188 513 4250 Caiensis
536 4185 628 4250 male:
652 4189 817 4267 appositas
839 4188 882 4249 cd
905 4184 1022 4268 ipsas).

224 4290 320 4364 Quum
335 4309 386 4354 res
403 4294 442 4354 ita
457 4310 492 4354 se
509 4291 624 4368 babeat,
648 4290 809 4372 objectioni
825 4290 939 4353 Usserii
962 4289 1070 4352 nullam
1084 4290 1145 4351 vim
1159 4289 1262 4354 inesse

133 4391 221 4455 lucile
243 4396 425 4476 perspicies,
448 4413 547 4477 neque
570 4395 608 4456 dc
632 4394 812 4475 inteprrtcte
834 4397 976 4459 Actorum
1003 4393 1167 4471 dubitabis,
1192 4393 1262 4457 licet

93 4524 96 4527 ⁴
131 4495 263 4562 icrtmsc
286 4502 461 4580 paucissima
484 4499 639 4582 quaedam,
662 4506 713 4562 aut
735 4500 807 4562 vitio
829 4499 1017 4563 librariorum
1037 4503 1187 4579 corrupta,
1210 4504 1261 4560 aut

131 4602 268 4666 manibus
290 4606 492 4685 posteriorum
514 4604 613 4667 addita
636 4604 704 4667 sint.

220 4706 255 4769 v.
297 4706 424 4771 Exstant
451 4708 646 4789 interpolata
673 4725 795 4790 quoque
826 4715 891 4773 acta
921 4705 1057 4787 lturtyrii
1086 4705 1115 4770 S.
1143 4703 1258 4785 lgnatii,

129 4826 231 4892 eaque
253 4812 331 4875 iuter
353 4829 389 4876 sc
410 4812 546 4877 diversa:

169 5035 196 5102 1)
214 5033 280 5088 Vide
298 5045 383 5089 notam
401 5036 418 5089 6
434 5036 468 5090 ad
487 5053 510 5091 a.
530 5037 546 5087 7
563 4995 667 5107 tdartpr.
685 5036 766 5107 lpum.
786 5039 849 5090 inira
867 5056 893 5106 p.
913 5038 973 5089 255.

992 5125 1018 5189 Ε
1029 5125 1049 5161 n
