3067 6450
339 1184 477 1241 HERMAE
494 1185 631 1242 Piston.
668 1188 765 1242 LIBER
783 1190 814 1243 11.
853 1181 1001 1249 ΜΑΝΒᾹΤ,
1018 1193 1061 1250 IX.
1199 1202 1263 1268 363

132 1343 250 1432 χήσρς,
282 1337 479 1433 αἰτήσασθαι
508 1342 599 1438 παρά
628 1356 689 1414 τοῦ
716 1353 841 1419 dubites.
887 1355 996 1419 Peleus
1020 1358 1128 1440 aliquid
1155 1362 1262 1426 nDo-

135 1450 239 1528 Θεοῦ,
273 1446 370 1535 spu»
400 1448 433 1517 ἐν
462 1461 602 1539 σεαυτῷ,
636 1452 687 1520 ὅτι
714 1460 812 1539 mino,
841 1478 879 1523 ne
910 1459 991 1523 dicus
1023 1462 1098 1526 intra
1127 1472 1172 1528 te:
1203 1486 1263 1548 quo

134 1556 209 1630 πῶς
250 1554 450 1644 Ιδυνήσομαι
492 1551 687 1645 αἰτήσασθαι
714 1563 814 1631 modo
827 1582 902 1627 vero
920 1563 1062 1646 ¹possurn
1079 1570 1187 1650 aliquid
1204 1590 1264 1653 pe-

133 1653 227 1748 τταρά
247 1661 309 1725 τοῦ
328 1659 437 1751 κυρίου
460 1661 543 1750 [καί]
569 1663 686 1744 λαβεῖν,
714 1675 807 1732 terea
822 1670 959 1749 Domino,
972 1675 1001 1732 et
1015 1672 1159 1754 obtinere,
1174 1696 1263 1757 quurn

132 1759 320 1852 ἡμαρτρκιδς
342 1767 481 1832 τοσαῦτα
504 1764 549 1844 είς
570 1761 685 1851 αὐτόνς
713 1773 768 1835 sim
791 1780 934 1855 peccator
952 1781 1098 1838 tentorum
1119 1780 1263 1846 maiorum

134 1863 196 1958 Mt}
216 1867 399 1956 διαλογίζου
420 1873 538 1952 ταῦτα,
561 1867 630 1941 ἀλλ’
650 1871 685 1950 ἐξ
713 1879 742 1939 in
759 1879 940 1941 Dominum?
963 1879 1030 1942 Noti
1043 1880 1101 1944 boc
1116 1885 1262 1967 cogitare,

132 1968 212 2060 ὅλης
237 1973 371 2061 καρδίας
398 1996 459 2042 σου
486 1975 685 2066 ἐπίστρεψον
712 1981 765 2044 sed
783 2001 822 2044 ex
838 1984 907 2046 totis
923 1984 1106 2065 praecordiis
1127 2006 1262 2051 eonver-

132 2074 221 2167 προς
233 2117 238 2128 ·
250 2081 371 2168 κύριον,
402 2080 454 2145 καί
484 2078 579 2148 αίτοῦ
607 2080 685 2172 παρ’
712 2093 778 2148 rere
793 2086 829 2149 ud
842 2088 1006 2151 Dominum.
1029 2089 1102 2153 Pete
1117 2093 1183 2153 sine
1201 2093 1260 2155 du-

131 2181 237 2248 αίντοῦ
264 2177 473 2264 άδιοτάκτιος,
502 2185 553 2251 καί
581 2178 684 2275 γνώσῃ
711 2191 862 2271 bitatione,
876 2198 905 2253 et
916 2189 1261 2261 soies²rnisericordiam

130 2283 190 2376 τήν
213 2289 226 2328 ²
240 2289 556 2378 πολοενσττλαγχνίαν
576 2289 683 2372 αὐτοῦ,
711 2295 837 2374 Domini,
854 2296 933 2376 quod
947 2316 1007 2360 non
1021 2303 1049 2359 te
1061 2299 1260 2384 derelinquet,

131 2393 185 2460 ὅτι
200 2387 241 2460 οὐ
254 2384 296 2482 po}
310 2415 346 2461 σε
362 2394 579 2486 ἐγκαταλείπῃ,
601 2390 685 2464 άλλά
711 2400 764 2462 sed
789 2401 961 2482 petitionem
984 2403 1098 2466 animae
1118 2411 1186 2467 tuoe
1202 2405 1261 2468 nd·

130 2495 173 2565 τδ
184 2498 303 2587 αίτρμα
313 2501 371 2588 τῆς
381 2508 553 2590 ψυχῆςσου
564 2503 682 2593 πληρο-
711 2503 849 2585 implebit.
896 2504 963 2568 Non
994 2513 1040 2569 est
1069 2509 1147 2571 eninr
1179 2510 1260 2574 Deus

130 2600 277 2694 φορήσει,
318 2598 383 2671 oin
402 2600 470 2672 ε”στι
488 2602 548 2697 γάρ
567 2599 585 2673 ὁ
602 2606 684 2682 Θεδς
710 2608 789 2670 siout
821 2608 957 2672 homines
992 2607 1171 2676 3ισειοοτεε
1210 2615 1261 2677 in·

130 2707 178 2784 οίς
191 2706 224 2774 οἱ
243 2705 421 2798 δίνδριινποτ
438 2713 681 2799 3μνησικακοῦν-
705 2713 869 2795 juriorum3
892 2714 946 2777 sed
970 2721 1016 2778 est
1040 2717 1194 2782 inimemor
1210 2720 1260 2782 in-

128 2834 193 2892 τες,
208 2810 279 2879 ἀλλ’
288 2807 385 2891 αὐτάς
394 2808 604 2905 άμνρσίκακάς
613 2815 681 2884 ἐστι
704 2818 869 2899 Juriurum,
893 2825 922 2881 et
946 2821 1105 2884 miseretur
1128 2823 1260 2906 ignienti

129 2915 185 2984 καί
192 2918 439 3006 στιλαγςςνίζεται
451 2920 506 2988 int
518 2918 574 3009 τήν
586 2921 681 3010 ττοίρ-
709 2922 755 2984 sui
771 2919 793 2982 ⁴.

129 3045 180 3090 σιν
200 3017 332 3091 about.
369 3024 414 3092 Σδ
431 3019 486 3094 οὖν
504 3020 683 3115 καθάρισον
753 3025 836 3109 Ergo
868 3028 990 3108 purifico
1024 3049 1078 3094 cor
1110 3038 1189 3094 tuum
1221 3034 1258 3095 ub

128 3126 185 3216 τήν
205 3127 340 3216 καρδίαν
366 3152 425 3197 σου
454 3124 525 3198 dno
556 3131 684 3199 πάντων
710 3131 847 3193 omnibus
870 3133 949 3194 vitiis
972 3133 1060 3216 hujus
1088 3136 1199 3214 secuti,
1230 3143 1261 3198 et

131 3235 195 3298 τῶν
216 3232 359 3317 ματαίων
380 3235 518 3316 τούτων,
545 3236 684 3304 καὶτῶν
711 3236 840 3299 observo
863 3237 1013 3319 praedicta
1042 3239 1134 3301 verba
1162 3241 1212 3303 tibi
1241 3260 1258 3305 ε

131 3338 368 3426 προειρημένου
384 3363 434 3407 σοι
451 3334 609 3429 ῥημάτιον,
631 3342 683 3408 καί
710 3342 776 3404 1)εο
805 3342 888 3421 dote,
922 3349 951 3405 et
974 3340 1130 3425 ⁶aooipies
1161 3346 1258 3408 omnio

130 3440 230 3508 αίτοῦ
251 3438 341 3532 παρά
362 3446 421 3509 τοῦ
449 3446 573 3533 κυρίου,
605 3446 682 3513 5καί
709 3446 798 3525 bona,
822 3465 900 3528 quse
916 3450 1003 3529 petis,
1021 3455 1050 3510 et
1067 3467 1106 3510 ox
1122 3451 1258 3513 omnibus

129 3546 229 3636 λήψῃ,
250 3545 302 3613 καὶ
323 3540 682 3617 inindumentis.
710 3552 901 3633 petitionibus
948 3554 1004 3614 tuis
1050 3551 1120 3613 nibil
1164 3552 1260 3614 doerit

129 3645 280 3739 σημάτων
316 3671 375 3717 σου
411 3651 583 3741 σίστέρρτος
618 3651 682 3743 ἔσῃ,
710 3655 771 3733 tibi,
794 3656 819 3717 si
842 3657 908 3718 sine
932 3654 1115 3717 dubitatione
1136 3630 1259 3737 petieris

130 3754 187 3822 εἰίν
209 3749 408 3833 άδιστάκτως
432 3755 580 3847 αἰτήσεις.
616 3752 683 3825 ’Eois
710 3778 726 3821 a
750 3760 887 3822 Domino.

131 3860 168 3927 δὲ
191 3853 343 3949 διστάσρς
366 3860 399 3928 ἐν
419 3869 460 3950 τῇ
480 3861 594 3951 καρδίᾳ
615 3884 682 3943 σου,

131 3962 223 4031 οὐδὲν
246 3964 285 4030 σά
303 3964 349 4053 μή
368 3958 457 4054 λήψῃ
473 3970 536 4031 τῶν
550 3964 681 4057 αἰτημά-

130 4094 194 4135 των
217 4089 284 4134 σου.
333 4065 374 4135 Oi
395 4065 456 4159 γάρ
481 4065 682 4152 διστάζοντες
752 4073 809 4146 Oui
826 4091 902 4156 ergo
919 4071 993 4134 tiles
1009 4090 1069 4135 non
1088 4080 1166 4152 sunt,
1189 4091 1258 4136 orn·

131 4171 179 4250 είς
209 4172 264 4238 τόν
287 4170 382 4252 diedo,
415 4166 504 4241 οὗτοί
532 4174 611 4242 εἰσιν
639 4175 683 4252 ιδς
708 4177 779 4239 nino
796 4175 1162 4257 nihilirnpetrunteorum,
1179 4197 1258 4259 quoe

130 4277 281 4365 δίψυχοι,
303 4276 355 4343 καί
378 4276 472 4345 οὐδὲν
497 4276 580 4356 ὅλως
601 4280 679 4363 λαμ·
708 4286 820 4361 σείεται.
852 4280 926 4341 Num
942 4279 992 4358 qui
1007 4280 1087 4361 pleni
1103 4289 1172 4344 suut
1188 4284 1258 4364 iido,

129 4375 265 4464 βάνουσι
286 4384 350 4446 τῶν
369 4376 551 4469 αίτρμάτιον
569 4383 681 4450 αὐτῶν.
708 4384 805 4447 omnia
827 4388 931 4464 petunt
953 4384 1095 4465 sidentes,
1120 4396 1150 4449 et
1172 4389 1256 4450 scoi-

132 4484 173 4554 Οί
205 4486 243 4553 δὲ
274 4485 429 4563 ὁλοτελεῖς
459 4479 548 4563 ὄντες
578 4486 610 4553 ἐν
641 4489 682 4576 τῇ
708 4488 977 4571 piuntoDornino,
1000 4492 1068 4570 quin
1084 4492 1149 4553 sine
1165 4490 1255 4553 dubi-

130 4588 238 4657 πίστει
254 4584 361 4657 πάντα
372 4588 545 4671 αίτοῦνται,
559 4615 679 4660 nenos·
708 4594 819 4656 tutione
836 4600 946 4675 petunt.
982 4594 1085 4657 Ornnis
1101 4594 1179 4656 eninr
1196 4593 1255 4657 du-

165 4766 194 4830 1)
214 4763 288 4817 Grab.
306 4762 410 4828 δύναμαι
429 4763 576 4829 σίτνῇσσσθαί
592 4786 621 4814 τι,
740 4765 771 4835 5)
790 4765 840 4819 Cir.
860 4766 946 4817 btsttb.
960 4767 985 4829 7,
1001 4765 1041 4816 11.
1060 4763 1103 4828 21,
1116 4762 1158 4813 22.
1183 4763 1254 4816 Her·

164 4849 198 4915 2)
218 4848 292 4902 Grrb.
311 4852 533 4918 πολυσινλσρχνίαν.
707 4869 771 4904 mum
795 4854 827 4904 nb
852 4854 967 4905 orntione
988 4852 1063 4902 nimiu
1081 4850 1173 4902 diducis
1192 4865 1256 4919 opus

166 4936 195 5001 3)
215 4933 290 4989 Grsb.
309 4935 332 4985 ολ
349 4940 546 5001 μνησικακοῦντες
564 4930 679 5003 άλλὴλοος.
706 4946 841 4991 terrestres
857 4946 1007 5008 expectasse
1019 4946 1091 5006 putot
1103 4941 1254 4993 Jactman-

164 5022 194 5088 t)
213 5020 349 5091 Hucusque
367 5021 455 5093 fragm.
475 5022 567 5077 Grebii.
691 5013 769 5094 insse,
790 5024 807 5078 Ι.
826 5040 851 5078 c.
869 5041 895 5095 ρ,
913 5022 957 5077 84.
