3067 6450
272 1187 337 1252 254
574 1178 769 1233 murmuri
788 1179 814 1233 S.
834 1178 963 1231 lorum.
982 1179 1022 1233 Vi.
1040 1180 1093 1234 vu.

271 1330 500 1430 παρεβάλλετο,
523 1329 568 1414 ῶς
589 1328 667 1424 παρ’
688 1327 771 1402 αάτοί
791 1336 850 1401 τοῦ
872 1333 964 1421 άγίου
985 1330 1145 1426 μάρτυρος
1158 1333 1305 1424 Ἱγνατίου
1319 1334 1396 1422 πίη-

271 1452 414 1535 ροῦσθαι
434 1437 489 1530 την
523 1438 739 1523 Ιἐπιθυμίαν,
770 1435 850 1505 κατά
871 1436 911 1505 τό
933 1438 1161 1529 γεγραμμένον·
1192 1438 1398 1524 λςέπιθυμία

271 1548 397 1616 δικαίου
418 1548 553 1635 δεκτὴ·“
574 1546 625 1612 ἵνα
644 1544 754 1634 μηδενί
774 1547 838 1611 τῶν
859 1537 1008 1634 άδελφῶν
1024 1545 1172 1634 ἐπαχθής
1186 1545 1242 1613 διό
1255 1549 1312 1634 τῆς
1327 1547 1396 1614 ουλ-

271 1653 366 1740 λογῇς
387 1655 444 1718 τοῦ
465 1652 621 1739 λειψάνου
642 1649 774 1736 γένηται,
796 1648 907 1724 καθῶς
922 1641 1056 1737 φθάσας
1071 1650 1104 1718 έν
1118 1658 1159 1738 τῇ
1173 1649 1333 1739 ἐπιστολῇ
1345 1645 1399 1738 την

257 1744 354 1824 ’ἰδίαν
368 1749 524 1839 ε’πεθόμει
539 1752 688 1840 γενέσθαι
704 1751 874 1821 τελείωσιν.
903 1747 1003 1820 Μόνα
1016 1754 1078 1844 γάρ
1093 1753 1134 1821 τά
1147 1759 1328 1845 τραχύτερα
1341 1758 1399 1821 τῶν

271 1861 369 1950 άγίων
391 1856 494 1928 αὐτοῦ
515 1857 927 1947 λειψάνων-περιελείφθη,
960 1858 1052 1925 ἅτινα
1073 1858 1118 1936 είς
1139 1858 1195 1947 την
1216 1856 1400 1945 Ἀντιόχειαν

234 2040 236 2045 Α
271 1960 492 2053 ἀπεκομίσθη,
513 1963 565 2029 καί
586 1963 618 2030 ἐν
639 1960 738 2047 3λίνῳ
760 1960 933 2050 κατετέθη,
955 1964 1118 2054 θησαυρός
1139 1958 1309 2051 άτίμητος,
1337 1959 1399 2031 ini

270 2075 328 2161 τῆς
350 2070 383 2139 ἐν
403 2072 450 2157 τῶ
470 2067 607 2159 μάρτυρι
628 2060 759 2157 χάριτος
782 2070 821 2156 τῇ
843 2067 919 2155 ἁγίᾳ
939 2065 1083 2157 δοιλησίᾳ
1107 2067 1366 2160 καταλειφθέντα
1380 2071 1399 2131 ⁴.

424 2263 483 2329 v11.
528 2264 671 2345 Ιςιιοιὶιιι
693 2271 834 2326 mortuos
857 2262 992 2342 adparet
1014 2265 1251 2329 domientibos.

358 2377 493 2471 Ἐγένετο
523 2380 560 2448 δέ
591 2384 694 2448 ταῦτα
721 2383 760 2469 τῇ
791 2376 856 2468 πρό
885 2381 1060 2477 δεκατριῶν
1087 2383 1250 2449 καλανδῶν
1271 2376 1399 2449 Ἰανουα-

271 2488 357 2580 ρίων,
379 2487 541 2555 τουτέστιν
556 2484 741 2571 Δεκεμβρίῳ
759 2479 871 2566 εἰκάδι,
895 2479 1116 2553 ὑπατευόντων
1130 2483 1221 2577 παρά
1237 2488 1400 2572 Ῥωμαίοις

272 2592 359 2681 Σίρα
380 2591 432 2657 καὶ
454 2588 595 2657 Σενεκίου
617 2590 654 2656 τό
677 2591 858 2679 ὁδεύτερον.
907 2585 1034 2658 Τοίτων
1056 2591 1213 2661 αὐτόπται
1234 2586 1399 2679 γενόμενοι,

271 2693 353 2783 μετά
375 2688 517 2784 δακρύων
538 2720 598 2760 κατ
598 2686 715 2761 οίκόν
737 2719 773 2760 τε
801 2696 1067 2780 παννυχίσαντες,
1099 2698 1152 2766 καί
1183 2694 1292 2765 πολλά
1320 2700 1400 2781 μετα

272 2800 469 2890 γονικλισίας
497 2799 547 2866 καὶ
575 2792 711 2887 δεήσεως
743 2801 1017 2891 παρακαλέσαντες
1045 2802 1101 2870 τόν
1128 2796 1234 2889 κόριον
1256 2802 1399 2888 6πλιρο-

273 2931 357 2997 φορι
359 2927 414 2973 σαι
441 2898 517 2981 τοδς
537 2902 693 2982 άσθενεῖς
721 2904 802 2994 έμᾶς
832 2903 887 2971 ἐπί
918 2913 1002 2983 τοῖς,
1020 2900 1263 2996 προγεγονόσιν,
1294 2899 1401 2995 μικρόν

217 3032 220 3037 ·
272 3008 530 3103 άφυπνῶσαιτες,
553 3011 585 3078 σί
606 3011 663 3095 μὲν
684 3008 869 3129 ἐξαίφιης
851 3003 1026 3077 επιστάντα
1043 3011 1095 3078 καλ
1113 3004 1400 3101 περιπτυσσόμενοι

271 3117 353 3207 ἡμᾶς
380 3114 570 3200 ἐβλέπομεν,
602 3114 633 3181 οἱ
656 3113 692 3181 δέ
714 3106 812 3180 πάλιν
833 3113 1044 3199 ἐπευχόμενον
1070 3116 1144 3204 ἡμῖν
1171 3113 1324 3206 ἑωρῶμεν
1352 3113 1400 3181 τόν

271 3212 424 3310 μακάριον
452 3214 609 3307 λγνάτιον,
639 3212 733 3288 άλλοι
762 3217 799 3285 δέ
828 3214 1017 3304 οταζόμενον
1047 3213 1102 3311 ίνγί
1129 3218 1268 3311 ἱδρῶτος
1299 3212 1345 3297 ῶς
1371 3217 1400 3286 ἐκ

271 3323 411 3410 καμάτου
448 3325 571 3392 πολλοῦ
604 3315 873 3412 παραγενόμενον,
911 3322 962 3390 καί
995 3326 1188 3414 παρεστῶτα
1220 3327 1269 3410 τῶ
1300 3322 1400 3413 κυρίην.

272 3427 369 3499 Mero?
399 3431 519 3518 πολλῆς
548 3425 651 3495 τοίνυν
680 3429 782 3517 χαράς
809 3430 912 3494 ταῦτα
942 3426 1075 3509 ἰδόντες,
1107 3427 1158 3494 καί
1191 3420 1401 3512 συμβαλόντες

272 3530 332 3612 τάς
354 3530 449 3622 ὄψεις
469 3536 531 3604 τῶν
561 3526 746 3621 ὀνειράτων,
776 3524 963 3620 ίμτὴοαντες
991 3529 1048 3600 τόν
1070 3528 1166 3611 Θεόν,
1199 3528 1257 3598 τόν
1286 3533 1401 3620 δοτῆρα

271 3642 335 3704 τῶν
357 3635 507 3727 άγαθῶν,
534 3636 586 3704 καὶ
607 3634 834 3724 μακαρίσαντες
855 3632 910 3702 τόν
930 3636 1035 3724 ἅγιον,
1065 3628 1309 3726 έφανερῶσαμεν
1336 3637 1401 3719 ὑμῖν

271 3744 323 3810 καί
344 3744 399 3831 τήν
421 3738 536 3831 ἡμέραν
556 3740 608 3805 καί
629 3739 684 3805 τόν
705 3731 832 3827 χρόνον,
860 3734 913 3806 ίνα
932 3740 1012 3808 κατά
1032 3736 1088 3808 τόν
1112 3734 1221 3829 καιρόν
1243 3742 1306 3807 τοῦ
1326 3762 1399 3827 μαρ-

271 3848 385 3937 τυρίου
409 3837 642 3930 ’συναγόμενος
664 3846 858 3927 κοινωνῶμεν
879 3851 927 3930 τῷ
948 3838 1075 3933 α’θλητῇ
1098 3843 1150 3910 καλ
1171 3841 1301 3931 γενναίῳ
1323 3837 1399 3932 μάρ-

270 3975 342 4039 τυρι
366 3956 518 4038 Χριστοῦ,
540 3938 795 4031 καταπατήσαντι
814 3943 870 4014 τόν
891 3943 1060 4032 διάβολον,
1082 3946 1133 4015 καί
1154 3941 1209 4012 τόν
1231 3954 1289 4035 τῆς
1310 3946 1399 4036 φιλο-

271 4054 402 4143 χρίστου
437 4052 534 4119 αὐτοῦ
570 4052 749 4136 ἐπιθιμίας
786 4044 987 4120 τελειῶσαντι
1023 4046 1158 4139 δρόμον,
1200 4049 1233 4116 ἐν
1268 4048 1400 4139 Χριστῷ

269 4157 368 4247 Ἰησοῦ
393 4167 440 4243 τῷ
468 4157 566 4248 κυρίῳ
597 4150 703 4245 ἡμῶν,
733 4151 777 4224 δι’
799 4150 839 4224 οὔ
859 4157 910 4224 καί
931 4150 1008 4241 μεθ’
1029 4149 1067 4224 οὗ
1087 4158 1134 4242 τῷ
1158 4152 1263 4242 πατρί
1284 4145 1399 4241 ἠδόξει

271 4263 321 4331 καί
343 4263 382 4330 τό
403 4259 520 4352 κράτος
542 4262 598 4330 σάν
618 4265 665 4349 τῶ
686 4255 767 4348 άγίιρ
790 4261 943 4346 πνεύματι
964 4260 1010 4338 είς
1032 4259 1157 4336 αἰῶνας.
1200 4251 1302 4344 Ἀράμ.

308 4403 337 4471 1)
356 4402 419 4454 Vide
441 4401 494 4470 ign.
514 4404 545 4453 od
564 4401 637 4455 Rom.
656 4419 679 4454 c.
700 4403 724 4455 i.
852 4411 949 4453 veroni
988 4399 1123 4453 Praetereo
1148 4398 1324 4466 chrysostomi
1354 4399 1399 4452 ιδ-

307 4493 335 4555 2)
355 4489 429 4541 Prov.
452 4488 495 4552 10,
514 4488 556 4541 24.
851 4488 900 4540 huo
927 4488 1083 4555 temporibus
1110 4486 1234 4554 reliquiae
1264 4486 1290 4540 S.
1316 4487 1399 4557 λςαιῑίί

307 4576 336 4643 3)
354 4576 433 4627 Veios
450 4575 536 4627 versio
560 4575 603 4628 int.
628 4574 719 4627 habet:
747 4586 771 4630 ιι
795 4579 823 4630 in
851 4590 1006 4642 magnopore
1049 4571 1200 4626 Antiochino
1245 4570 1399 4626 colobrnrrr.
1444 4569 1448 4574 '

272 4679 377 4730 οτγια
394 4664 528 4730 τιμοιίιας
547 4660 606 4712 ἰδεο
622 4660 666 4713 Dr.
682 4659 758 4711 Noiio
776 4676 823 4727 pro
850 4658 902 4711 Cir.
921 4666 1061 4729 Ολιγισιλ.
1079 4666 1144 4711 oroi.
1163 4659 1188 4709 in
1201 4655 1227 4709 S.
1241 4656 1324 4726 igno
1344 4676 1366 4711 o
1378 4656 1398 4708 5.

271 4747 328 4813 λίνῳ
341 4746 822 4816 legendumpuotztaevozoaepom.
850 4743 914 4813 Opp.
934 4745 961 4797 Τ.
980 4743 1011 4797 11.
1031 4763 1056 4813 p.
1075 4745 1136 4797 66⁰.
1155 4745 1196 4797 od.
1217 4743 1307 4798 nourr

307 4834 335 4897 i)
365 4834 491 4901 Reliquias
521 4829 546 4884 S.
578 4831 668 4900 ignatii
698 4831 729 4884 rb
758 4831 822 4884 urbe
885 4832 915 4898 5)
933 4830 998 4884 Nou
1017 4831 1081 4883 horo
1098 4829 1282 4898 chronologia
1307 4830 1399 4899 ubsque

171 4969 178 4978 ,
272 4917 352 4970 Romo
370 4920 464 4971 τεΙιιιι
483 4934 570 4970 οωοει
589 4934 621 4969 ex
639 4918 729 4970 ordino
755 4918 822 4969 civi·
850 4917 926 4969 dubio
945 4924 1062 4985 corrupto
1081 4925 1124 4970 rot
1135 4932 1150 4969 r
1163 4918 1304 4970 recentiori
1319 4917 1399 4970 ιδδίιι

154 5008 339 5301 κτιιει
362 5013 529 5074 ιυιυιρυιααι
555 5012 582 5058 ει
604 5004 715 5060 humoris
732 5011 821 5075 gortr-
850 5012 897 5056 ιιι.
932 5006 1044 5060 Surio
1068 5001 1158 5060 oouul
1181 5011 1238 5059 eni
1262 5005 1338 5060 mir
1360 4999 1400 5067 ⁹8,
