3067 6450
398 1161 537 1218 mamae
555 1160 691 1266 nasson.
726 1161 822 1214 llssssll
841 1161 883 1216 ΙΙΙ.
919 1161 1042 1217 sutum.
1061 1163 1124 1218 vm.
1258 1166 1325 1234 407

194 1325 430 1410 poenitentiam,
461 1343 518 1388 nec
542 1323 741 1405 voluptatibus
765 1325 828 1387 suis
850 1326 992 1388 remorati
1021 1324 1146 1402 luerint;
1177 1327 1203 1389 si
1225 1333 1324 1390 autem

195 1432 420 1514 permanserint
441 1431 471 1492 in
495 1428 579 1491 lactis
603 1429 679 1507 suis,
702 1435 827 1491 mortem
851 1430 907 1492 sibi
930 1430 1114 1511 acquirent.“

287 1535 337 1598 bt
384 1535 460 1614 ,Qui
485 1551 558 1596 vero
575 1540 778 1615 porrexerunt
793 1535 894 1619 virgas
911 1553 991 1613 suas,
1015 1553 1140 1615 quarum
1157 1533 1233 1597 duae
1248 1554 1320 1617 par·

197 1649 244 1706 tas
270 1640 372 1704 aridae
396 1640 524 1716 inerant,
549 1645 580 1700 et
602 1640 686 1699 tertia
708 1637 819 1716 viridis,
843 1638 947 1701 lidelcs
972 1639 1091 1719 quidem
1115 1636 1246 1717 luerunt,
1269 1639 1324 1703 sed

195 1745 370 1829 locupletati
395 1749 424 1805 et
448 1745 610 1805 exsaturati
633 1744 737 1821 bonis,
761 1742 838 1825 apud
863 1750 984 1807 exteras
1007 1751 1115 1827 gentes
1138 1743 1324 1808 celebriores

196 1872 271 1917 esse
294 1852 461 1933 cupierunt,
485 1856 517 1911 et
539 1851 568 1911 in
592 1849 760 1929 superbiam
785 1866 921 1930 magnam
945 1848 1121 1927 inciderunt,
1144 1854 1173 1911 et
1189 1849 1324 1911 sublimia

196 1962 368 2037 coeperunt
390 1955 522 2035 spirare,
547 1959 577 2015 et
600 1954 753 2014 veritatem
778 1953 937 2030 deserere3
970 1973 1069 2036 neque
1100 1954 1228 2035 appliciti
1255 1962 1326 2018 sont

194 2064 306 2146 iustis,
330 2061 383 2123 sed
407 2079 474 2122 curn
498 2059 609 2122 exteris
632 2060 771 2141 gentibus
794 2060 1007 2136 convixerunt3
1038 2066 1066 2121 et
1089 2058 1163 2122 baec
1186 2059 1242 2122 illis
1265 2059 1324 2121 vita

197 2167 317 2231 dulcior
341 2165 404 2228 visa
428 2169 489 2239 est;
513 2163 611 2227 alteo
635 2170 732 2226 tamen
755 2182 817 2226 non
840 2170 1041 2244 recesserunt,
1064 2171 1095 2227 et
1116 2165 1146 2226 in
1169 2163 1227 2226 bdc
1249 2181 1325 2245 per-

196 2274 426 2347 severaverunt,
452 2268 506 2330 sed
531 2266 622 2350 op'cra
645 2268 714 2331 bdei
736 2287 797 2332 non
821 2275 1030 2331 exercuerunt.
1076 2269 1157 2331 blulti
1180 2269 1325 2351 igiturex
1420 2344 1423 2349 ¹

197 2377 259 2440 illis
283 2380 412 2458 egerunt
434 2373 656 2456 poenitentiam,
680 2380 709 2436 et
731 2373 821 2436 sedes
845 2392 950 2438 eorum
973 2375 1002 2436 in
1024 2376 1098 2437 turri
1122 2391 1190 2436 esse
1207 2390 1323 2454 coepe-

198 2487 279 2545 runt.
325 2478 384 2542 Alii
407 2496 480 2541 vero
504 2479 640 2540 viventes
664 2497 729 2540 cum
747 2479 860 2541 exteris
882 2480 1030 2561 gentibus,
1053 2486 1084 2542 et
1100 2478 1167 2541 elati
1185 2476 1324 2538 vanitati-

199 2586 257 2649 bus
281 2585 354 2661 suis,
376 2584 407 2644 in
430 2588 604 2663 perpetuum
628 2602 644 2644 a
667 2584 733 2647 Deo
757 2583 942 2664 deiecerunt,
968 2586 1119 2648 nationum
1143 2581 1323 2646 facinoribus

199 2697 231 2753 et
248 2688 390 2769 operibus
406 2689 584 2749 servientes.
621 2688 796 2770 Hujusmodi
812 2707 887 2771 ergo
904 2689 1040 2752 homines
1055 2684 1239 2752 adnumerati
1255 2691 1323 2750 sunt

200 2791 516 2858 exterisnationibus.
561 2791 620 2853 Alii
643 2810 681 2854 ex
703 2793 749 2854 bis
773 2794 890 2856 dubiam
918 2801 1045 2856 mentem
1076 2793 1186 2856 babere
1209 2810 1324 2875 coepe-

198 2905 280 2978 runt,
305 2915 364 2959 non
387 2902 554 2978 sperantes,
576 2914 611 2959 sc
634 2906 756 2979 propter
779 2897 854 2961 iacta
870 2917 924 2962 sua
940 2901 1059 2980 assequi
1075 2916 1167 2980 posse
1182 2897 1322 2972 salutem3

198 3003 251 3066 alii
274 3002 354 3064 dubii
377 3001 456 3079 lacti,
480 3001 687 3064 dissensiones
703 3001 918 3064 excitaverunt.
963 3003 1015 3063 His
1032 3002 1122 3083 igitar
1138 3006 1168 3062 et
1183 3000 1248 3078 illis,
1272 2999 1322 3079 qui

200 3114 326 3190 propter
350 3106 426 3168 iacta
442 3123 496 3169 sua
514 3104 593 3167 dubii
610 3123 680 3168 esse
696 3110 870 3188 coeperunt,
892 3103 990 3167 adbuc
1006 3110 1050 3166 est
1067 3121 1245 3185 regressum
1268 3101 1323 3165 sed

200 3211 278 3275 baec
302 3211 485 3292 poenitentia
508 3209 564 3272 cita
589 3228 657 3274 csse
681 3210 788 3290 debet,
819 3216 849 3272 ut
879 3210 917 3273 sit
948 3211 977 3272 in
1000 3209 1073 3271 turri
1096 3206 1187 3271 sedes
1210 3226 1323 3270 eorum.

201 3317 256 3380 llis
281 3334 367 3394 vero,
391 3316 440 3396 qui
464 3333 523 3379 non
548 3322 640 3399 agunt
662 3316 884 3397 poenitentiam,
908 3315 961 3377 sed
978 3320 1153 3396 permanent
1167 3314 1197 3374 in
1214 3311 1325 3393 volup-

201 3420 312 3483 tatibus
336 3421 415 3497 suis,
439 3438 519 3484 mors
543 3438 637 3502 prope
661 3421 736 3483 est.“

293 3523 328 3585 X.
369 3523 428 3603 ,Aa
443 3524 482 3602 bi,
499 3525 548 3604 qui
565 3526 666 3607 virgas
684 3523 793 3586 virides
809 3530 1021 3606 porrexerunt,
1044 3520 1178 3603 exceptis
1192 3520 1326 3583 cacumi-

201 3629 290 3692 nibus
315 3646 426 3708 earum,
451 3646 527 3708 quae
550 3629 615 3691 sola
636 3628 717 3692 arida
734 3637 829 3707 erant,
853 3637 882 3692 et
898 3630 1044 3692 scissuras
1060 3628 1218 3706 habebant,
1241 3644 1324 3688 sem-

202 3753 260 3816 per
284 3733 354 3796 boni
370 3739 460 3813 alque
476 3731 579 3796 fideles
596 3739 625 3794 et
640 3734 725 3816 probi
743 3752 816 3816 erga
833 3733 928 3796 Deum
945 3732 1074 3810 luerunt,
1097 3730 1151 3793 sed
1167 3749 1326 3812 parumper

203 3838 394 3919 deliquerunt
416 3845 540 3919 propter
563 3838 666 3900 inanes
698 3838 866 3919 voluptates
899 3845 930 3900 et
959 3839 1085 3900 minutas
1116 3836 1325 3918 cogitationes,

202 3961 279 4026 quas
303 3944 379 4004 intra
402 3960 437 4004 se
459 3942 635 4004 babuerunt.
682 3941 799 4005 Auditis
816 3962 891 4026 ergo
907 3942 1008 4005 verbis
1024 3944 1098 4005 meis
1115 3942 1231 4026 plurimi
1247 3959 1326 4024 ege·

201 4053 273 4110 runt
295 4048 506 4129 poenitentiam
530 4046 677 4126 celeriter,
702 4052 732 4108 et
754 4049 783 4109 in
800 4048 872 4109 turri
889 4045 1021 4109 habitare
1037 4054 1211 4130 coeperunt.
1250 4046 1327 4122 Qui-

202 4150 269 4214 dam
293 4158 391 4213 autem
415 4169 454 4212 ex
470 4150 516 4213 bis
533 4158 694 4216 evaserunt
710 4150 789 4214 dubii
796 4172 806 4227 3
830 4150 946 4231 quidam
963 4150 1139 4231 adjecerunt
1154 4152 1191 4214 ad
1208 4150 1325 4213 dubiam
1345 4232 1350 4239 ¹

201 4263 332 4318 mentem
349 4256 437 4317 etiam
454 4255 660 4319 dissensiones
677 4274 811 4318 movere.
855 4254 887 4316 ln
903 4254 949 4315 bis
966 4255 1057 4337 igitur
1072 4256 1241 4318 etiamnunc
1256 4273 1326 4339 spes

203 4367 251 4423 est
273 4377 443 4443 regressus
468 4362 535 4440 quia
559 4361 629 4423 boni
652 4378 772 4442 semper
795 4359 913 4421 iuerunt
921 4377 930 4434 3
955 4358 1073 4422 difficile
1097 4366 1195 4422 autem
1219 4376 1327 4422 move-

203 4466 320 4528 buntur.
367 4464 423 4538 Qui
439 4482 515 4527 vero
531 4465 633 4546 virgas
648 4481 719 4527 suas
734 4463 832 4528 aridas
849 4471 1060 4546 porrexerunt,
1083 4465 1217 4546 exceptis
1233 4482 1326 4525 cacu-

202 4571 331 4633 minibus
355 4588 467 4648 earum,
490 4589 567 4651 quae
590 4570 655 4633 sola
673 4576 758 4632 erant
775 4568 888 4646 viridia,
913 4569 1101 4633 crediderunt
1117 4567 1235 4649 quidem
1249 4567 1326 4644 Deo,

204 4675 234 4737 in
259 4674 423 4737 sceleribus
447 4692 520 4737 vero
544 4676 714 4737 conversati
737 4680 820 4752 sunt,
844 4692 1000 4755 numquam
1025 4681 1160 4736 tamena
1183 4671 1326 4733 Decre-

204 4786 371 4858 cesserunt,
396 4778 450 4841 sed
474 4797 594 4861 semper
615 4797 723 4842 nomen
741 4779 857 4842 Domini
872 4780 999 4841 libenter
1015 4778 1153 4853 tulerunt,
1176 4780 1206 4837 et
1225 4774 1323 4837 liben-

202 4883 250 4947 ter
272 4885 302 4946 in
324 4885 462 4965 hospitiis
485 4886 548 4947 suis
565 4884 620 4946 Dei
642 4903 751 4947 servos
767 4891 973 4966 susceperunt.
1018 4880 1128 4944 Audito
1152 4881 1243 4962 igitur
1257 4879 1325 4959 boc,
1407 4957 1410 4964 ι

204 4989 356 5074 regressi,
387 4991 454 5053 sine
483 5008 566 5054 mora
597 4996 725 5073 egerunt
753 4989 980 5071 poenitentiam,
1009 4993 1040 5050 et
1069 5003 1186 5050 omnem
1208 4986 1325 5049 uirtutis
