3067 6450
276 1174 341 1239 248
561 1166 755 1222 nummum
774 1167 800 1223 S.
818 1166 949 1222 mrum.
967 1167 998 1223 n.
1015 1167 1058 1222 111.
1077 1168 1119 1221 Π.

274 1325 367 1411 ,,ναί·
404 1325 579 1415 γέγραπται
614 1323 694 1415 γάρ·
732 1322 908 1392 Ῑένοικίσω
945 1323 977 1391 ἐν
1014 1319 1144 1406 αύτοῒς,
1181 1326 1236 1392 καί
1273 1327 1398 1416 ἐμπερι-

275 1425 437 1520 πατὴσω.“
481 1426 636 1520 Τραϊανός
658 1422 867 1516 άπεφῄνατο·
890 1421 1056 1515 ,Ἰγνάτων
1077 1423 1329 1519 προσετάξαμεν,
1351 1430 1402 1498 τδν

275 1535 308 1604 ἐν
330 1535 432 1621 ἐαυτῷ
453 1532 585 1621 λέγοντα
608 1531 794 1622 περιφέρειν
822 1531 877 1598 τόν
905 1530 1157 1655 ἐσταυρωμένον,
1189 1534 1322 1617 δέσμιον
1342 1526 1404 1601 ύπδ

276 1640 479 1729 στρατιωτῶν
513 1634 674 1726 γενόμενον
711 1635 850 1723 άγεσθαι
886 1635 977 1726 παρά
1016 1636 1072 1726 τήν
1109 1630 1246 1727 μεγάλην
1281 1632 1404 1729 Ριύμην,

278 1742 419 1870 ’ἱδρυνμα
441 1740 645 1866 γενησόμενον
666 1738 839 1828 θηρίον’
809 1763 857 1816 εις
878 1738 994 1829 τέρψιν
1022 1765 1081 1807 του
1067 1737 1236 1830 δημουέ(
1287 1741 1405 1833 Ταύτης

278 1846 297 1914 δ
333 1843 422 1934 ἅγιος
457 1837 579 1933 μαριυς
616 1842 794 1919 ἐπακούσας
830 1844 888 1931 τῆς
924 1842 1139 1964 άποφάσεως,
1181 1848 1265 1933 μετά
1306 1858 1405 1939 χαρᾶς

278 1951 452 2041 ἐβόησενη
454 1951 642 2040 βειχαριστιύ
663 1973 729 2029 σοι,
752 1948 913 2028 δέσποτα,
943 1945 995 2015 ὅτι
1017 1975 1055 2036 με
1076 1949 1182 2040 τελείᾳ
1203 1956 1245 2042 τῇ
1267 1954 1353 2043 πρός
1373 1978 1406 2022 σε

278 2051 387 2145 άγάπη
408 2078 541 2144 τιμησαι
562 2053 765 2143 κατηξίωσας,
786 2060 835 2138 τῷ
856 2046 1027 2140 άποστόλῳ
1049 2076 1110 2122 σου
1130 2051 1252 2144 Παύλῳ
1279 2060 1406 2143 δεσμοῖς

229 2152 234 2167 ’
277 2161 430 2250 συνδήσας
451 2162 623 2250 σιδηροῖς.“
672 2160 782 2224 Ταῦτα
804 2154 911 2237 είπιύν,
932 2157 983 2224 καί
1006 2153 1074 2242 μετ’
1093 2153 1293 2251 εύφροσύνης
1316 2186 1404 2252 περι-

277 2265 416 2348 θέμενος
445 2262 487 2331 τά
516 2259 634 2347 δεσμά,
666 2254 896 2344 ἐπευξάμενος
911 2262 1071 2353 πρότερον
1099 2267 1139 2353 τῇ
1167 2264 1330 2355 ἐκκλησίᾳ,
1360 2266 1405 2332 καί

278 2364 394 2458 ταύτην
422 2369 651 2460 παραθέμενος
678 2363 758 2451 μετά
789 2360 936 2455 δακρύων
962 2371 1009 2454 τῷ
1037 2368 1149 2458 κυρίῳ,
1179 2365 1293 2461 ὥσπερ
1322 2367 1405 2461 κριδς

278 2474 450 2562 ἐπίσημος,
481 2467 592 2563 άγέλης
612 2474 710 2561 καλῆς
732 2464 919 2560 ἡγούμενος,
952 2465 1019 2540 ύιτδ
1043 2472 1230 2562 θηριώδους
1252 2498 1404 2564 στρατιω-

278 2588 365 2667 τικῆς
398 2577 578 2667 δεινότητος
609 2573 844 2666 συνηρπάζετο,
880 2575 1013 2666 θηρίοις
1045 2570 1236 2668 αίμοβύροις
1269 2579 1327 2647 ἐπί
1358 2604 1406 2668 την

277 2674 396 2770 Ῥώμην
418 2675 685 2770 άπαχθησόμενος
707 2675 791 2770 πρδς
810 2681 922 2770 βοράν.

554 2873 600 2937 111.
645 2875 787 2957 Ιρκοιίκι
809 2874 974 2957 Smyrnam
996 2876 1133 2956 κονίῃσι.

367 2991 464 3059 Meto?
485 2991 608 3080 πολλῆς
631 2989 735 3059 τοίνυν
754 2991 1017 3083 προθυμίαςκαὶ
1036 2996 1149 3080 χαράς,
1171 2993 1338 3085 ἐπιθυμίη
1356 2999 1407 3063 τού

279 3092 410 3173 πάθους
432 3094 595 3162 κατελθών
616 3094 684 3163 άπδ
704 3089 894 3181 Ἀντιοχείας
914 3096 960 3174 είς
983 3095 1037 3186 τῆν
1060 3100 1258 3180 Σελεύκειαν,
1290 3101 1407 3169 ἐκεῖθεν

279 3201 380 3287 ε’ίχετο
403 3204 461 3270 τοῦ
483 3198 597 3278 πλούς·
620 3200 671 3269 καί
694 3201 844 3291 προσχων
856 3198 937 3287 μετά
952 3202 1054 3270 πολύν
1073 3196 1239 3287 3κάματον
1254 3208 1296 3296 τῇ
1310 3213 1405 3298 Σγωρ-

278 3305 371 3373 ναίων
392 3304 503 3385 πόλει,
525 3302 582 3372 σύν
603 3307 711 3393 πολλῇ
732 3310 817 3395 χαρᾷ
837 3306 978 3392 καταβάς
999 3316 1056 3397 τῆς
1078 3304 1168 3396 νηός,
1196 3305 1340 3379 ἔσπευδε
1357 3309 1406 3382 νύν

279 3407 370 3497 άγιον
396 3410 623 3498 Πολύκαρπον,
653 3406 710 3476 τύν
731 3412 917 3501 Σμυρναίων
938 3411 1131 3493 ἐπίσκοπον,
1160 3414 1217 3481 τδν
1242 3438 1404 3506 σωοαροα-

278 3514 348 3602 την,
378 3507 583 3581 θεάσασθαι·
614 3510 805 3601 ἐγεγόνεισαν
834 3512 894 3603 γάρ
923 3508 1024 3584 πάλαι
1053 3516 1200 3604 μαθηταί
1229 3528 1292 3586 τοῦ
1322 3514 1405 3608 άγίου

279 3610 468 3685 άποστόλου
488 3612 641 3684 Ἰωάννου·
663 3613 741 3708 παρ’
761 3610 789 3705 ᾧ
811 3619 995 3702 καταχθείς,
1016 3618 1068 3685 καί
1086 3625 1307 3704 πνευματικῶν
1328 3624 1405 3710 αύτῷ

279 3713 466 3808 κοινωνήσας
488 3715 707 3810 χαρισμάτων,
729 3721 870 3799 καὶτοῖς
892 3725 1024 3805 δεσμοῖς
1046 3718 1302 3811 ἐγκαυχούμενος,
1329 3753 1404 3819 παρ-

278 3827 380 3892 εκάλει
414 3826 613 3893 *συναθλείν
644 3835 683 3914 τῇ
713 3827 813 3894 αύτού
845 3826 1023 3916 προθέσει,
1058 3828 1194 3912 μάλιστα
1230 3832 1289 3915 μέν
1325 3834 1405 3921 κοινῇ

279 3935 387 3992 πᾶσαν
416 3926 575 4017 ἐκκλησίαν
605 3929 800 4015 (ἐδεξιοῦντο
825 3926 889 4019 ,γάρ
918 3931 974 3998 τόν
1003 3927 1092 4019 ἅγιον
1113 3927 1170 3999 διά
1191 3938 1257 4000 τιύν
1278 3930 1403 4005 ἐπισκό·

280 4055 351 4097 πων
372 4032 424 4097 καί
448 4033 671 4123 πρεσβυτέρων
699 4034 753 4100 καί
782 4031 936 4102 διακόνιον
956 4034 990 4101 αἱ
1012 4045 1068 4125 τῆς
1090 4030 1199 4115 Ἀσίας
1223 4038 1340 4118 πόλεις
1360 4040 1404 4109 καί

280 4134 452 4223 ἐκκλησίαι,
482 4130 609 4203 πάντων
638 4136 848 4224 ἐπειγομένων
875 4137 960 4229 πρδς
989 4137 1104 4220 αύτόν,
1132 4142 1163 4207 εί
1190 4166 1264 4222 πιυς
1287 4146 1404 4235 ὅμέρος

279 4236 475 4324 χαρίσματος
507 4233 629 4322 λάβωσι
663 4245 916 4328 πνευματικού)·
953 4243 1125 4333 ἐξαιρέτως
1161 4246 1198 4314 δὲ
1235 4245 1292 4315 τόν
1323 4246 1404 4337 άγιοι

279 4337 511 4430 Πολύκαρπον,
540 4340 608 4425 ἵνα,
635 4343 691 4411 διά
714 4353 777 4411 τῶν
800 4345 924 4435 θηρίων
944 4351 1067 4414 θάττον
1088 4347 1213 4439 άφανης
1234 4361 1285 4441 τῷ
1304 4356 1403 4439 κόσμῳ

279 4442 453 4532 γενόμενος,
476 4446 661 4537 ἐμφανωθῇ
681 4456 728 4535 τῷ
748 4445 915 4539 προσώπῳ
936 4455 996 4517 τοῦ
1016 4458 1168 4542 Χριστοῦ.
1202 4468 1210 4477 ·

306 4642 312 4648 ·
366 4630 414 4691 lv.
458 4630 599 4710 Ιριιοιίιιι
622 4635 734 4697 scribit
755 4636 914 4713 ecclesiis,
939 4642 1125 4715 praesertim
1149 4642 1323 4708 Romanae.

369 4748 435 4814 Καὶ
452 4751 554 4815 ταῦτα
576 4747 677 4830 οὕτως
699 4750 810 4841 ἐλεγεν,
832 4756 885 4821 καί
903 4750 1004 4833 οὕτως
1022 4756 1269 4849 διεμαρτύρατο,
1291 4762 1403 4830 τοσού

317 4887 346 4952 1)
366 4885 445 4937 Levit.
466 4887 509 4951 26,
531 4889 571 4939 12.
601 4886 623 4939 Π
642 4886 700 4942 Cor.
720 4891 745 4956 6,
765 4892 805 4946 16.
894 4893 924 4961 3)
943 4892 994 4948 cfr.
1012 4894 1064 4964 lgn.
1084 4896 1116 4949 οδ
1134 4897 1209 4951 Rom.
1229 4917 1253 4955 ε.
1273 4903 1299 4955 5.

317 4970 345 5047 2)
367 4969 418 5033 cfr,
437 4972 491 5056 ¹3¹¹·
510 4975 543 5026 εδ
561 4973 633 5028 Rom.
652 4991 675 5029 c.
695 4977 719 5031 6.
893 4981 924 5051 4)
941 4979 961 5033 1.
977 4997 1001 5035 ο.
1018 4983 1139 5058 precihus
1158 5001 1173 5037 ι
1188 4985 1247 5040 Boo
1265 4997 1366 5062 puero,
1380 4994 1404 5042 ιδ
