3067 6450
433 1184 655 1240 tantatus
673 1186 720 1239 ΑΙ)
739 1186 814 1241 COR.
833 1186 896 1242 xtt.
915 1188 991 1243 xvu.
1234 1190 1277 1257 77

148 1349 245 1429 plaqa
278 1356 308 1410 st
339 1349 373 1410 in
403 1345 584 1425 afflictione.
629 1349 701 1427 lpse
731 1357 833 1412 autem
862 1350 1047 1412 vulneratus
1079 1359 1126 1413 est
1144 1359 1278 1430 propter

152 1461 263 1515 nostro
283 1459 438 1532 psooata,
462 1460 493 1512 et
514 1451 652 1530 astliotue
670 1460 804 1532 propter
819 1462 948 1516 nostras
964 1456 1152 1535 iniquitates.
1195 1453 1277 1516 'Pu-

151 1559 230 1622 nitio
255 1558 299 1619 ad
320 1564 463 1620 nostram
483 1574 592 1633 paoem
613 1576 708 1637 super
731 1577 799 1619 eum
821 1562 920 1635 remit,
945 1560 1045 1622 lirare
1061 1563 1130 1639 ejus
1147 1579 1206 1622 nos
1221 1579 1277 1622 sa·

152 1665 219 1725 nati
241 1681 357 1726 sumus.
406 1659 519 1723 Omnes
543 1661 635 1749 quasi
658 1681 731 1725 ooes
755 1664 948 1739 erravimus,
973 1664 1060 1726 bomo
1084 1666 1118 1725 in
1140 1665 1195 1726 oio
1217 1683 1278 1727 sua

151 1765 289 1839 srraoit,·
310 1773 340 1828 st
361 1765 514 1829 Dominus
536 1767 671 1828 tradidit
692 1785 760 1827 eum
779 1777 913 1847 propter
936 1769 1119 1848 iniquitates
1137 1778 1276 1847 nostras,

151 1880 180 1932 et
202 1873 283 1952 ipse,
305 1867 445 1947 addictus
468 1871 551 1948 licet,
576 1890 639 1932 non
662 1873 766 1950 aperit
791 1891 834 1933 os.
873 1871 962 1933 Siout
976 1873 1045 1934 oois
1061 1873 1105 1934 ad
1120 1875 1278 1936 victimam

151 1976 264 2038 duetus
296 1983 362 2052 est,
392 1984 422 2037 ot
451 1975 535 2037 sieut
565 1994 666 2055 aqnue
689 1994 796 2037 coram
819 1976 964 2038 tondente
989 1983 1109 2054 mutus,
1143 1979 1192 2040 sio
1213 1996 1278 2042 non

152 2083 257 2162 aperit
279 2100 316 2144 os
337 2099 437 2142 suum.
483 2077 545 2140 ²ln
569 2080 741 2142 hnmilitate
772 2101 832 2143 suo
861 2081 984 2143 tandem
1013 2082 1164 2144 liberatus
1186 2088 1278 2143 esta

149 2205 262 2266 poena.
310 2185 548 2247 Generationem
570 2187 639 2263 ejus
661 2187 732 2266 quis
754 2187 939 2263 enarrabit,
964 2207 1032 2249 cum
1056 2189 1094 2250 de
1110 2195 1195 2250 terra
1218 2187 1278 2250 tol·

152 2291 238 2353 latur
257 2289 324 2352 oita
345 2290 443 2369 ejsts?
488 2287 536 2350 Ab
567 2289 787 2368 iniquitatibus
817 2292 928 2370 populi
952 2292 1011 2352 mei
1034 2292 1145 2355 ductus
1167 2301 1215 2355 est
1236 2293 1279 2355 ad

151 2404 286 2458 mortem.
330 2394 372 2456 Et
393 2393 534 2456 liberabo
564 2394 674 2474 impios
702 2393 741 2456 ob
762 2397 959 2474 sepulchrum
984 2399 1076 2476 ejus,
1108 2407 1137 2459 et
1166 2399 1280 2461 dioitss

153 2500 191 2563 ob
213 2508 342 2563 mortem
363 2501 451 2578 ejus;
473 2500 550 2578 quia
573 2499 767 2579 iniquitatem
790 2518 853 2561 non
874 2500 969 2580 serit,
994 2522 1093 2583 nequo
1117 2503 1210 2565 dolus
1227 2505 1278 2565 in·

152 2612 263 2668 nentur
293 2611 340 2666 est
368 2603 401 2662 in
433 2622 489 2666 ore
520 2605 597 2681 ejus.
643 2603 684 2666 Et
706 2604 862 2668 Dominus
890 2608 956 2668 oult
984 2609 1136 2671 mundare
1164 2627 1232 2670 sum
1257 2626 1279 2671 a

151 2711 255 2791 plaqa
300 2708 335 2771 Si
359 2703 561 2771 'obtuleritis
580 2710 806 2789 propeccatis,
830 2713 935 2773 animo
957 2721 1064 2774 oestro
1084 2711 1202 2774 oidobit
1225 2731 1276 2774 se-

152 2833 219 2876 men
243 2813 436 2893 lonqaeoum.
482 2812 524 2873 Et
545 2814 613 2874 oult
625 2813 782 2876 Dominus
805 2834 872 2877 eum
895 2816 1022 2893 auferre
1039 2836 1055 2879 e
1074 2817 1181 2879 dolore
1205 2817 1277 2878 ani·

154 2939 236 2999 moe,
260 2918 422 2982 ostendero
446 2918 474 2979 si
496 2919 616 2996 luoem,
641 2928 672 2981 st
690 2921 832 3001 formare
856 2921 1082 3003 intelliqentia,
1099 2922 1278 3001 justificare

148 3028 290 3103 iustum,
313 3024 389 3086 bene
411 3025 593 3087 servientem
615 3026 743 3098 multis,·
774 3034 803 3086 et
822 3035 953 3103 peccata
977 3046 1081 3088 eorum
1104 3026 1172 3104 ipse
1193 3045 1273 3104 por-

154 3129 240 3192 tabit.
285 3128 455 3208 Propterea
483 3129 550 3211 ipso
576 3128 751 3208 possidebit
777 3131 909 3206 multoe,
941 3139 971 3191 et
997 3129 1127 3206 fortium
1157 3131 1276 3191 dividet

150 3236 276 3315 spolia,
302 3253 364 3315 pro
387 3253 441 3313 eo,
471 3235 557 3314 quod
579 3236 698 3298 madito
720 3244 766 3298 est
788 3237 830 3297 ad
852 3243 978 3299 mortem
1002 3236 1109 3297 animo
1131 3237 1220 3313 spus,
1246 3241 1276 3296 et

151 3342 184 3402 in
207 3339 329 3420 iniquis
351 3346 512 3417 reputatus
536 3348 601 3414 est,
633 3349 662 3401 et
693 3341 761 3418 ipse
790 3347 919 3418 pearata
940 3340 1106 3401 maltorum
1129 3340 1215 3414 tulit,
1247 3346 1277 3401 et

148 3451 283 3523 propter
304 3443 487 3523 iniquitates
511 3462 617 3508 eorum
640 3445 777 3506 traditus
802 3452 855 3505 est.
903 3444 940 3506 Et
965 3461 1069 3506 rursus
1093 3442 1165 3505 *illo
1189 3443 1275 3506 dicit:

150 3545 236 3630 ⁶eqo
260 3555 360 3611 autem
382 3567 451 3610 sum
473 3550 586 3610 vermis
610 3557 639 3610 et
662 3567 726 3611 non
749 3549 858 3623 bomo,
884 3547 1083 3627 opprobrium
1109 3548 1275 3625 bominum,
1347 3600 1354 3613 .

151 3660 182 3715 et
202 3652 339 3732 abjectio
358 3652 469 3732 plebis.
517 3652 631 3716 Omnis
653 3653 794 3714 videntes
817 3671 864 3713 ms
886 3653 1066 3715 deriserunt
1088 3672 1151 3729 me,
1181 3650 1277 3714 toouti

150 3765 226 3820 sunt
247 3756 359 3833 lobiis,
391 3765 556 3821 moverunt
578 3766 688 3838 eaput,
721 3759 876 3820 dicentes:
904 3758 1044 3839 speraoit
1073 3759 1105 3819 in
1127 3757 1276 3834 Domino,

152 3863 272 3942 eripiat
292 3880 378 3938 eum,
400 3861 522 3925 salttum
543 3859 647 3939 saciat
668 3881 752 3938 sum,
777 3861 927 3942 quoniam
942 3863 1009 3924 oult
1031 3882 1107 3925 eum.
1153 3861 1277 3942 vttetts,

153 3967 209 4030 viri
231 3965 350 4045 dilecti,
372 3966 462 4047 quite
484 3967 571 4029 nobis
595 3967 750 4048 exemptor
772 3968 811 4029 sit
833 3967 1036 4048 propositum
1059 3968 1086 4030 si
1109 3968 1187 4030 enim
1210 3968 1277 4030 Do-

153 4074 252 4135 minas
273 4072 313 4133 its
339 4088 375 4133 se
404 4069 585 4148 humiliavit,
617 4069 688 4151 quid
721 4070 865 4134 iaciemus
896 4089 973 4150 nos,
1004 4073 1055 4153 qai
1087 4073 1144 4134 sub
1170 4074 1277 4155 jugum

154 4177 270 4261 gratim
292 4176 359 4258 ejus
381 4192 437 4257 por
458 4174 555 4257 ipsura
578 4175 742 4238 venimus?

157 4470 242 4537 xm
287 4469 417 4549 sanati,
446 4471 616 4552 praecipue
639 4468 815 4547 Abrabam,
847 4470 908 4535 Job
931 4481 960 4535 et
981 4472 1104 4547 Moses,
1135 4470 1279 4551 exempla

625 4574 817 4639 humititatis.

242 4698 410 4762 imitatores
432 4696 525 4760 simus
548 4695 635 4758 etiam
659 4716 784 4777 eoram,
816 4694 892 4780 ⁶qui
923 4699 952 4760 in
976 4696 1104 4780 caprinis
1128 4703 1158 4758 et
1181 4695 1278 4758 ovinis

191 4850 607 4923 sqtssttr.,esnstieomono;
626 4852 705 4903 itaet
765 4855 794 4922 5)
813 4853 854 4905 Ps.
874 4854 917 4917 21,
935 4852 1012 4903 7-9.
1048 4848 1127 4901 Hebr.
1147 4846 1188 4911 tt,
1208 4847 1250 4898 37.

159 4936 228 4993 lxx.
256 4939 351 4994 Contss
361 4938 497 4993 Wottonas
507 4936 705 4993 exhibitioni.
765 4939 796 5009 6)
815 4939 995 5003 Hebr.1t,37.
1015 4933 1278 4994 aemilio-strom.
1329 4941 1334 4950 ·

191 5027 223 5096 4)
240 5026 284 5081 Se.
302 5025 423 5082 chritus.
731 5027 774 5092 lv,
796 5027 835 5077 t't.
855 5043 881 5093 p.
899 5026 951 5077 oto
968 5041 1006 5093 sq.
