3067 6450
199 1190 300 1244 xxvnl
637 1180 893 1236 PROLEGOMENA.
1134 1176 1332 1249 [bennum

245 1347 275 1432 s)
312 1345 454 1430 Cyrillus
476 1340 783 1422 Hierosolymilonus
807 1337 925 1403 cireen.
951 1337 998 1403 18.
1031 1359 1055 1401 e.
1078 1337 1109 1402 8.
1132 1338 1262 1402 sabulum
1295 1339 1332 1401 de

310 1453 459 1514 Phoenice
484 1445 515 1531 (l
533 1448 622 1510 Cleon.
640 1443 722 1529 lb),
746 1452 779 1509 ul
801 1443 866 1524 ipse
889 1451 1023 1523 lesbius,
1046 1464 1086 1508 ex
1109 1445 1238 1527 epistole
1259 1443 1331 1506 Cle-

311 1557 418 1618 mentis
444 1551 567 1636 profusi.

245 1658 285 1745 g)
309 1660 508 1738 Epiphanius
532 1657 612 1719 boen.
629 1652 680 1719 27.
705 1672 734 1716 n.
752 1650 791 1717 6:
815 1648 913 1737 Λέγει
935 1645 996 1741 γάρ
1020 1650 1197 1738 (Clemens)
1220 1647 1252 1716 ἐν
1273 1658 1333 1738 μιᾷ

310 1768 375 1826 τῶν
396 1757 575 1826 lninoiniv
597 1750 714 1822 αὐτοῦ·
736 1747 971 1844 neolone,
995 1754 1169 1838 ἄπειμι,
1193 1750 1329 1820 ἐνστα-

310 1857 422 1952 θήτω
445 1863 464 1949 ὁ
485 1858 586 1938 λαός
606 1860 683 1926 τοῦ
709 1859 823 1925 Θεοῖ.
869 1862 928 1925 cu.
951 1863 1070 1926 iclens.
1095 1881 1120 1924 c.
1144 1859 1196 1928 54.

244 1971 284 2058 h)
310 1973 520 2054 Hieronymus
550 1970 588 2031 de
619 1970 689 2032 viris
720 1967 822 2029 illusis.
854 1986 879 2029 c.
906 1967 962 2030 15:
996 1968 1132 2046 Seripsil
1154 1964 1333 2052 (Clemens)

311 2100 352 2140 ex
364 2097 505 2159 persona
515 2076 676 2137 Romanae
692 2072 844 2135 eeclesiae
859 2073 902 2133 ud
917 2073 1081 2134 ecelesiam
1096 2072 1335 2134 Corinlleioruns

312 2182 404 2244 uelde
422 2182 529 2241 utilem
541 2179 717 2258 sepislolom,
743 2196 824 2256 quoe
840 2186 869 2238 el
884 2178 918 2237 in
934 2178 1097 2239 nonnullis
1115 2178 1193 2239 loeis
1206 2177 1334 2256 publice

313 2289 435 2365 lenitur,
460 2304 537 2363 quae
561 2283 636 2343 milei
655 2283 782 2344 videtur
798 2283 975 2343 eborueleri
992 2282 1155 2361 epistolae,
1179 2300 1260 2362 qnae
1276 2281 1334 2343 sub

312 2390 403 2451 Puuli
432 2390 555 2450 nomine
587 2386 630 2447 od
652 2385 814 2449 Hebraeos
840 2389 961 2467 serior,
996 2388 1173 2450 conuenire.
1219 2386 1283 2447 Sed
1308 2395 1337 2448 el

313 2494 419 2554 mullis
442 2494 481 2553 eie
503 2493 609 2552 endem
625 2492 770 2569 epistola,
795 2510 857 2552 non
872 2491 973 2552 solnm
987 2491 1144 2567 sensibus,
1168 2493 1226 2552 secl
1234 2494 1336 2569 juxto

314 2597 481 2659 uerborum
503 2614 625 2676 quoque
649 2597 791 2657 ordinem
817 2595 966 2657 obulilur.

292 2700 372 2763 Idem
388 2701 450 2762 Lib.
467 2700 541 2762 XlV.
558 2700 719 2761 Connnenl.
738 2702 765 2762 in
784 2700 847 2760 lsai.
863 2699 914 2774 52,
935 2698 991 2760 13:
1017 2699 1167 2776 Clemens,
1185 2699 1237 2760 oir
1253 2718 1333 2778 opo-

204 2806 347 2881 slolicus,
365 2806 419 2884 qui
433 2815 506 2883 pose
519 2803 642 2865 Petrum
656 2806 743 2865 rexit
756 2803 934 2878 ecelesiam,
951 2803 1061 2865 scribit
1076 2805 1119 2865 ud
1134 2803 1336 2866 Corinthios:

206 2908 421 2987 Soeplrum
458 2909 549 2984 Dei,
593 2909 793 2971 Dominus
830 2908 953 2968 lesus
993 2906 1208 2985 Cbrislue,
1255 2927 1335 2970 non

205 3015 323 3076 oenil
344 3013 623 3091 injooionlio
640 3011 883 3091 superbiae,
908 3013 1174 3090 quumpossil
1192 3014 1334 3090 omnio,

205 3118 279 3179 sed
302 3117 344 3175 in
367 3116 618 3178 bumilitate.
664 3115 724 3178 cn.
748 3115 867 3178 uelem.
892 3133 916 3176 o.
943 3113 991 3179 16.

200 3235 204 3240 ’
293 3219 373 3283 Idem
397 3219 459 3283 Lib.
482 3219 502 3281 l.
526 3219 688 3282 Commenl.
712 3220 741 3282 in
763 3219 815 3301 Ep.
840 3220 877 3282 ed
901 3219 1009 3302 Ephes.
1026 3220 1056 3298 2,
1077 3219 1113 3284 2:
1138 3220 1277 3283 Clemens
1301 3225 1336 3284 in

206 3327 342 3407 epistola
372 3347 433 3390 sno
463 3326 592 3389 seribil:
627 3325 818 3388 Oceanus
851 3333 889 3387 el
918 3326 1075 3401 mundi,
1111 3327 1180 3405 qui
1213 3335 1335 3392 leons

207 3434 339 3515 ipsum
361 3436 467 3494 sunt.
513 3430 572 3493 Cir.
596 3429 714 3492 lClem.
738 3450 763 3493 e.
788 3429 839 3494 20.

293 3533 372 3595 lieni
397 3532 464 3594 ibid.
488 3533 549 3594 Lib.
573 3532 605 3594 ll.
630 3535 667 3594 ud
690 3555 715 3597 e.
739 3532 778 3613 4,
811 3534 845 3597 1;
882 3534 980 3614 Cujus
1004 3534 1051 3595 rei
1080 3543 1111 3596 el
1132 3534 1271 3596 Clemens
1293 3538 1338 3598 uel

208 3636 389 3700 Corinlbios
412 3638 500 3699 lestis
522 3646 587 3698 esi:
622 3638 835 3700 Vinculum
864 3640 1101 3701 charitalis
1131 3640 1208 3701 Dei
1239 3643 1335 3720 quis

195 3743 367 3819 'poter-lt
390 3742 613 3802 enarrare?
658 3742 717 3803 cn.
741 3742 859 3804 lCleni.
883 3761 908 3803 e.
932 3737 983 3805 49.

296 3844 475 3906 Tesliinonin
500 3846 699 3924 peslerioruin
724 3852 883 3908 iaceamus.

295 3947 342 4009 lv,
380 3947 521 4009 Nonnulli
545 3956 678 4010 velerum
703 3951 788 4013 locos
812 3950 956 4031 epistolae
976 3949 1178 4014 clementinae
1202 3951 1336 4032 londoni,

209 4053 260 4133 qui
284 4052 311 4112 in
337 4053 447 4113 nostris
471 4052 689 4133 exemplaribus
713 4073 774 4116 non
798 4054 945 4135 legunlur.
990 4054 1023 4116 E.
1044 4076 1073 4137 g.
1096 4055 1248 4132 Basilius,
1270 4058 1336 4119 Lib.

210 4156 248 4215 de
270 4156 374 4234 spirilu
397 4162 501 4216 sunnio
524 4174 550 4216 e.
575 4154 624 4220 29.
650 4176 677 4218 n.
703 4158 752 4220 72.
778 4159 810 4220 T.
835 4159 879 4220 ΙΙΙ.
903 4178 931 4238 p.
955 4156 1006 4221 61.
1030 4158 1076 4220 ed.
1102 4159 1132 4220 Β.
1156 4159 1186 4219 Β.
1214 4162 1334 4223 scribit:

207 4245 303 4319 {illu
323 4252 374 4319 καὶ
398 4248 416 4320 ὁ
440 4249 569 4343 Κλήμης
591 4252 822 4347 ἀρχαϊκώτερον
845 4258 884 4343 (f.
909 4251 1176 4346 doxoiuureonc}
1204 4260 1250 4347 ζῇ,
1273 4285 1337 4348 φη.

209 4354 274 4435 uir,
304 4354 322 4422 ὁ
347 4351 465 4435 Θεός,
496 4358 561 4423 καὶ
584 4354 602 4426 ὁ
624 4357 760 4449 κύριος
783 4355 941 4449 Ἰησοῦς
962 4361 1165 4452 Χριστὸς,
1193 4362 1262 4427 καὶ
1290 4362 1337 4429 τὸ

154 4487 159 4494 ·
209 4468 363 4543 πνεῦμα
384 4458 431 4527 τό
453 4458 565 4548 ἅγιον
585 4467 622 4552 ¹).

299 4568 357 4633 Sed
376 4568 474 4631 lnlilos
492 4578 560 4633 sunl
576 4573 690 4635 illorum
707 4573 849 4649 rationes,
867 4573 916 4653 qui
932 4573 1008 4635 hono
1022 4575 1060 4636 ob
1074 4592 1193 4636 causum
1205 4574 1337 4638 eulben-

210 4659 278 4733 liuns
302 4674 446 4754 epislolne
470 4682 590 4737 noslrne
614 4677 838 4757 iinpugnnrun13
863 4677 990 4739 lurlosse
1007 4680 1084 4739 enim
1101 4696 1205 4740 onines
1221 4680 1249 4739 bi
1266 4680 1336 4759 loci,

159 4852 162 4858 Ι
210 4790 338 4853 qinonnn
370 4796 479 4858 pervus
510 4787 557 4841 esi
587 4798 745 4858 numerus,
777 4782 846 4844 oliin
875 4788 944 4860 post
973 4789 1059 4862 sepul
1081 4782 1123 4846 57
1146 4782 1336 4864 legebamus,

210 4878 261 4938 ubi
283 4878 386 4941 [olium
408 4881 557 4963 integrum
580 4882 699 4945 excidii.
745 4883 834 4946 Cerle
856 4880 946 4967 ῥῆσις
968 4885 1017 4947 ills
1033 4886 1140 4965 basilii,
1162 4894 1194 4949 ul
1210 4886 1336 4967 Freyius

249 4993 278 5066 1)
295 4993 417 5069 Reliquos
435 4995 507 5049 locos
526 5002 641 5072 reperies
659 5000 685 5051 ln
704 4998 817 5055 Gubul.
837 4997 900 5055 Bibl.
919 5000 947 5055 Τ.
965 5001 984 5059 1.
1002 5019 1029 5075 p.
1047 5003 1081 5056 44
1095 5019 1134 5074 sq.

205 5067 406 5301 χ
