3067 6450
423 1178 546 1235 liiiihssl
562 1178 723 1235 ttrtstout
741 1180 787 1234 AD
806 1179 1001 1236 utonsstos.
1020 1180 1060 1237 tx„
1078 1184 1108 1237 X.
1267 1187 1327 1253 181

523 1340 572 1404 tx.
621 1341 765 1405 Vivuntur
788 1362 856 1405 eum
882 1343 1017 1407 Christo.

293 1444 325 1510 si
347 1445 447 1527 igitur,
471 1446 520 1526 qui
543 1447 574 1508 in
598 1443 718 1509 ¹veteri
742 1465 842 1509 rerum
863 1446 969 1511 ordine
985 1446 1143 1531 degerunt,
1167 1448 1204 1511 ad
1221 1468 1329 1513 novam

202 1568 287 1633 spem
312 1556 533 1632 pervenerunt,
564 1568 625 1613 non
649 1550 772 1633 amptius
800 1553 953 1616 sabbatum
983 1553 1131 1633 colentes,
1162 1556 1217 1618 sed
1242 1558 1329 1638 juxte

203 1653 406 1720 ¹dominicam
428 1655 575 1733 viventes,
597 1655 626 1718 in
650 1673 707 1736 qua
732 1663 763 1719 et
778 1657 836 1719 vita
854 1663 956 1719 nostra
973 1665 1079 1720 exorta
1095 1665 1141 1721 est
1162 1677 1218 1740 per
1234 1660 1329 1740 ipsum

203 1766 234 1824 et
256 1766 383 1822 mortem
406 1760 499 1840 ipsius
521 1757 630 1844 (quam
653 1758 772 1841 quidam
801 1768 930 1845 negant,
961 1780 1016 1844 per
1046 1762 1127 1843 quod
1156 1765 1329 1846 mysterium

202 1864 293 1929 fldem
315 1865 495 1945 accepimns,
519 1870 549 1926 et
570 1871 694 1947 propter
717 1864 775 1929 hoc
797 1867 988 1944 sustinemus,
1011 1872 1044 1928 ut
1062 1866 1248 1930 inveniamur
1263 1867 1329 1931 dis-

202 1969 292 2051 cipuli
325 1967 399 2032 Jesu
437 1968 561 2048 Christi,
600 1968 694 2032 soiius
732 1968 865 2034 doctoris
908 1966 1042 2055 nostri),
1081 1969 1232 2051 quomodo
1271 1988 1329 2033 nos

202 2074 367 2156 poterimus
389 2073 493 2136 vivere
514 2074 580 2137 sine
602 2074 680 2156 ipso,
703 2093 791 2157 quem
815 2077 900 2137 etiem
921 2073 1096 2157 propheten,
1119 2092 1208 2154 quum
1226 2080 1329 2137 essent

201 2179 308 2260 spiritu
331 2176 467 2261 discipuli
490 2180 574 2261 ejus,
607 2184 639 2242 ut
668 2178 823 2242 doctorem
856 2178 1094 2261 exspectabant?
1139 2176 1175 2239 Et
1205 2184 1329 2260 propter

201 2283 262 2347 hoe
285 2284 320 2361 is,
345 2301 432 2363 quem
451 2284 533 2366 iuste
555 2284 827 2366 praestolabantur,
854 2283 1017 2347 adveniens
1041 2279 1223 2347 ³suscitavit
1245 2282 1327 2364 ipsos

202 2406 244 2451 ex
268 2388 402 2451 mortuis.

576 2580 612 2645 Χ.
658 2581 763 2646 Nolite
781 2582 961 2662 iudaizare.

290 2699 376 2763 Absit
397 2719 473 2787 ergo
496 2720 513 2764 o
536 2703 639 2782 nohis,
671 2701 759 2767 *non
784 2706 899 2767 moveri
933 2702 1113 2787 benignitate
1144 2704 1221 2786 ejus.
1268 2700 1327 2767 ‘Si

202 2808 282 2871 enim
305 2800 387 2868 ⁶nos
410 2807 539 2870 imitetur
560 2808 724 2872 seeundum
748 2828 801 2887 ea,
825 2826 902 2890 quae
925 2806 1067 2886 iacimus,
1092 2809 1152 2890 jam
1176 2808 1326 2889 periimus.

200 2913 375 2993 Propterea,
399 2909 534 2993 discipuli
558 2914 624 2995 eJus
647 2912 756 2993 effecti,
780 2913 928 2977 discamus
951 2911 1115 2975 secundum
1132 2912 1326 2975 Christianis·

201 3035 282 3079 mum
306 3015 418 3077 vivere.
465 3016 520 3090 Oui
544 3017 621 3079 enim
644 3018 702 3081 aiio
726 3019 846 3081 nomine
864 3024 989 3080 vocatur
1007 3024 1127 3099 praeter
1151 3010 1240 3095 'hon
1264 3034 1325 3079 non

202 3127 250 3187 est
272 3120 337 3183 Dei.
381 3114 537 3203 ⁸Abjicite
568 3121 658 3203 igitur
687 3123 795 3186 maium
826 3122 1017 3201 fermentum,
1048 3116 1272 3184 ⁹inveteratum
1295 3128 1326 3183 et

201 3229 338 3307 acimum,
360 3232 391 3289 et
412 3229 644 3292 transmutamini
668 3230 697 3293 in
720 3248 831 3293 novum
854 3228 1041 3306 fermentum,
1064 3224 1144 3306 quod
1169 3231 1214 3288 est
1235 3225 1325 3288 iesus

202 3333 346 3398 christus.
392 3331 540 3396 Saliamini
563 3334 593 3395 in
617 3334 692 3415 ipso,
714 3341 746 3396 nt
770 3351 830 3396 non
847 3336 1052 3413 corrumpatur
1067 3329 1172 3411 aliquis
1193 3328 1324 3407 euobis,

202 3439 341 3521 quoniam
356 3437 393 3501 oh
411 3432 538 3501 ¹⁰odore
552 3437 781 3521 redarguemini.
804 3435 973 3500 Absurdum
989 3443 1044 3514 est,
1061 3434 1208 3496 Christum
1220 3433 1323 3496 iesum

207 3541 230 3582 ¹¹
242 3541 364 3624 proisri,
387 3548 417 3606 et
428 3541 592 3626 judaizare.
632 3541 658 3581 ¹¹²
669 3543 911 3606 christianismus
928 3542 1004 3604 enim
1021 3558 1080 3602 non
1098 3538 1125 3600 in
1141 3536 1325 3600 Judaismum

202 3647 345 3728 eredidit,
374 3647 429 3710 sed
451 3647 621 3712 Judaismus
643 3649 673 3712 in
696 3639 966 3723 ffistianismum,
1001 3641 1025 3681 ¹³
1040 3649 1069 3706 et
1092 3658 1196 3705 omnes
1223 3641 1324 3723 quiin

202 3771 270 3817 eum
294 3751 429 3831 eredunt,
452 3751 489 3816 ad
513 3751 607 3816 Deum
631 3754 807 3839 congregati
830 3759 908 3816 sunt.

199 3894 344 3947 sstiseusr
376 3901 472 3963 speret.
516 3889 620 3943 Vossius
651 3900 677 3943 et
708 3892 751 3943 slii
799 3891 842 3955 10)
862 3889 906 3942 his.
924 3885 1008 3954 «ipris,
1035 3885 1109 3938 msie.
1146 3881 1326 3948 Coniectussm

201 3977 296 4031 metunt
314 3975 441 4043 τιμήσεται
477 3977 570 4030 tioreir
590 3977 751 4042 τιμωρήσεται
779 3977 876 4042 Vossii,
903 3991 975 4046 quam
1001 3989 1089 4027 omnes
1106 3978 1275 4038 receperunt,
1300 3970 1325 4021 in

202 4063 291 4118 Codex
303 4063 467 4135 diprnpek.
487 4067 582 4132 (textus
594 4063 751 4133 interpolati)
777 4074 872 4117 textum
890 4064 988 4116 admisi.

202 4150 281 4204 habet
298 4149 445 4216 μωμήσηται.
797 4152 842 4221 11)
861 4150 955 4203 itatis.
974 4147 1058 4201 Editi:
1073 4147 1160 4195 καλεῖν.
1181 4150 1325 4197 Jaeonsoa.

236 4239 266 4301 7)
286 4238 305 4290 1·
330 4254 353 4290 θ·
384 4243 430 4309 psss'
456 4257 510 4294 asoss
540 4242 751 4304 Christisss'sssi,
797 4240 841 4295 12)
858 4238 877 4289 t.
891 4254 915 4290 e.
929 4238 1030 4292 Christi
1048 4237 1159 4288 sinentes
1176 4251 1227 4287 non
1241 4237 1325 4288 Chri-

202 4328 250 4381 ssd
267 4328 390 4380 sumo
408 4327 551 4394 emiserim
568 4344 662 4381 sesses
678 4332 738 4398 [art.
778 4329 861 4381 stissi
886 4326 1058 4379 immun
1083 4328 1252 4390 ssrepsrunt,
1279 4322 1328 4374 ssd

236 4412 266 4476 ⁸)
287 4410 548 4483 V²⁸·1¹¹⁸·d0tt⁰¹⁸510
565 4435 598 4464 =
616 4410 751 4474 5⁷¹53⁸⁰9n
778 4416 878 4469 tusses
899 4413 933 4464 sd
950 4410 1186 4464 Christianismum
1209 4423 1240 4459 ss
1258 4422 1325 4459 ron·
1371 4445 1377 4452 .

203 4498 270 4569 quoti
304 4497 383 4551 habet
412 4497 588 4567 lutespoistor.
642 4499 693 4552 Sed
730 4501 751 4551 si
778 4506 920 4556 verterunt.

202 4585 321 4640 iioiteuos
350 4585 379 4653 (Ι.
399 4603 422 4638 e.
440 4602 466 4654 p.
486 4585 550 4653 nst)
582 4586 671 4639 sodiss
701 4602 752 4639 non
796 4585 841 4653 13)
861 4584 924 4638 Corn
955 4581 1084 4635 Bonsenio
1115 4579 1143 4645 (i.
1162 4595 1185 4630 e.
1217 4595 1242 4646 p.
1264 4576 1325 4640 132)

203 4673 483 4744 aspendonensium,
502 4688 559 4726 usm
578 4669 752 4740 ὑπερτίθεσθαι
778 4676 886 4745 iegimos
904 4663 936 4739 ᾧ,
963 4669 1026 4724 Coti.
1046 4665 1176 4718 Mediceus
1195 4661 1272 4714 habet
1289 4659 1326 4720 uie,

202 4759 247 4826 riis
263 4759 339 4830 ἄκραν
357 4769 397 4813 est
414 4781 449 4812 =
467 4778 596 4831 superem
607 4779 751 4831 prssssoss-
779 4763 850 4829 cujus
877 4775 952 4813 censs
979 4753 1137 4810 iscohsonus
1163 4748 1272 4815 συνήχθη
1300 4750 1325 4800 itt

204 4854 315 4916 toriuss,
346 4864 410 4919 ergo
439 4846 576 4918 ιΐπίρθισθι
603 4849 648 4912 τήν
678 4847 753 4915 xoris
779 4850 882 4901 formoso
904 4843 1064 4911 conjunctivi
1091 4839 1202 4902 συναχθῇ
1228 4843 1325 4888 mutere

205 4935 463 5008 iipqrzsuperste
479 4939 752 5006 sisiumfsrsssntnss.
779 4934 866 4988 voluit.
902 4932 953 4985 Cis.
973 4928 1079 4996 Philipp.
1098 4927 1124 4991 2,
1145 4924 1185 4976 ii.

239 5024 298 5095 9)1
316 5022 375 5078 Cor.
394 5026 421 5090 5,
439 5024 464 5077 t.
