3067 6450
458 1186 639 1242 BARMBAE
655 1185 823 1241 nerstein.
850 1186 916 1242 ΧΙΧ.
934 1186 988 1241 XX.
1007 1187 1071 1243 XXL
1283 1192 1327 1257 49

200 1359 250 1414 tna
265 1367 394 1412 servare
412 1350 519 1431 possis.
559 1346 566 1387 ¹
581 1348 618 1411 Et
634 1348 768 1411 manibus
787 1347 843 1410 tuis
862 1348 1037 1429 operaberis
1055 1347 1093 1411 ad
1112 1348 1328 1413 redemtionem

201 1461 396 1537 peccatorum
420 1460 548 1516 tuorum.
595 1449 688 1516 2Νοιι
711 1452 857 1516 dubitabis
881 1453 969 1532 dare,
1002 1473 1100 1535 neque
1123 1456 1328 1533 rriurmorobis,

201 1580 294 1642 quum
309 1559 374 1623 das.
412 1556 533 1621 ³Omni
547 1561 665 1639 petenti
687 1567 714 1621 te
732 1558 854 1629 triboe;
877 1575 1047 1638 cognosces
1066 1566 1182 1637 autem,
1206 1562 1273 1641 quis
1291 1563 1330 1623 sit

200 1667 299 1729 bonos
312 1661 460 1726 mercedis
476 1663 646 1725 retributor.
680 1660 857 1740 *servabis
874 1681 951 1743 quae
967 1664 1117 1744 accepisti,
1135 1684 1190 1727 nec
1205 1666 1329 1742 addens,

201 1790 259 1833 nec
275 1770 411 1832 demens.
450 1766 546 1830 natus
569 1766 695 1831 odiosus
712 1767 762 1829 tibi
784 1767 841 1828 erit
857 1767 886 1828 in
903 1772 1087 1848 perpetuum.
1127 1766 1234 1833 ⁵tuste
1244 1771 1331 1852 judi-

203 1875 293 1938 cebie.
331 1868 423 1936 “Non
447 1871 540 1937 {acies
563 1871 735 1948 dissidiom;
757 1870 811 1933 sed
833 1890 936 1952 pacem
960 1872 1132 1935 conciliabis
1153 1873 1231 1935 inter
1253 1893 1331 1937 con·

203 1979 373 2055 tendentes,
397 1994 451 2040 eos
474 1975 636 2039 associans.
680 1970 901 2039 tenebraberis
923 1982 1045 2056 peccata
1069 1981 1127 2038 tna.
1166 1973 1257 2040 ⁸Non
1276 1999 1332 2042 ac-

197 2084 296 2147 cedes
315 2082 352 2145 ad
372 2084 537 2145 arationem
554 2087 631 2145 tuam
647 2081 677 2143 io
695 2081 876 2145 conscientia
892 2080 977 2143 mala.
1015 2081 1097 2143 Haec
1118 2087 1163 2145 est
1184 2083 1232 2145 nia
1249 2084 1333 2146 iocis.

540 2273 604 2336 XX.
650 2274 697 2336 De
720 2273 775 2334 cia
798 2273 1001 2336 tenebrarum.

294 2394 376 2461 ⁹Via
399 2405 496 2461 autern
520 2396 708 2460 tenebrarum
732 2394 851 2476 obliqua
870 2401 916 2456 est
936 2396 1084 2478 plenaque
1107 2397 1334 2462 maledictionis.

206 2504 257 2567 Est
281 2505 361 2567 enim
385 2503 431 2564 via
454 2502 557 2565 mortis
580 2509 723 2564 aeternae
746 2519 813 2563 cum
836 2500 998 2582 supplicio,
1021 2502 1051 2564 in
1072 2522 1130 2583 qna
1149 2512 1236 2582 sunt,
1258 2523 1335 2585 quae

208 2609 336 2693 perdunt
359 2608 483 2669 animam
507 2605 672 2668 hominnm:
697 2605 885 2682 idolotatria,
910 2607 1077 2687 temeritas,
1102 2608 1189 2672 elatio
1214 2610 1251 2671 ob
1276 2628 1336 2690 po·

209 2714 347 2790 tentiam,
370 2711 533 2789 simulatio,
556 2729 611 2774 cor
630 2710 755 2792 duplex,
780 2708 970 2786 adulterium,
996 2710 1200 2791 homicidium,
1224 2716 1335 2796 rapina,

209 2817 368 2898 soperbia,
399 2816 618 2897 transgressio,
650 2814 756 2892 dolus,
780 2815 905 2893 matitia,
933 2819 1120 2898 arrogantie,
1152 2820 1336 2899 veneficium,

209 2923 318 3005 magia,
338 2921 470 2999 avaritia,
491 2920 587 2982 nntius
602 2918 658 2981 Dei
675 2920 770 2982 timor.
814 2913 838 2955 ¹⁰
848 2918 879 2981 in
899 2938 955 3000 qua
975 2929 1044 2984 sunt
1061 2922 1207 2986 bonarum
1226 2942 1337 3006 perse·

211 3033 350 3103 catores,
374 3042 482 3087 osores
505 3024 647 3103 veritatis,
670 3029 818 3085 amatores
845 3020 864 3060 ¹¹
879 3023 1033 3102 nierndacii,
1057 3043 1117 3088 non
1141 3046 1337 3109 cognoscen-

209 3137 253 3193 tes
277 3129 446 3192 mercedem
466 3130 618 3211 justitiae,
643 3145 703 3191 non
726 3126 857 3209 adjuncti
881 3126 917 3189 ad
941 3129 1071 3209 bonum,
1095 3130 1202 3193 viduae
1226 3140 1256 3192 ct
1278 3151 1338 3213 po·

208 3236 279 3317 pillo
301 3253 363 3299 non
380 3233 567 3297 attendentes
588 3253 627 3297 ex
639 3236 722 3318 justo
743 3232 864 3315 judicio,
887 3235 1045 3317 vigilantes
1064 3254 1123 3301 non
1145 3238 1181 3298 ad
1203 3238 1337 3299 timorem

210 3341 274 3419 bei,
298 3339 353 3403 sed
369 3340 406 3403 ad
423 3340 571 3419 malitiam,
596 3360 612 3403 a
633 3340 740 3422 quibus
760 3339 853 3421 longe
873 3357 908 3401 ac
927 3340 1031 3421 procui
1053 3349 1121 3403 sunt
1142 3342 1337 3405 mansuetudo

210 3445 404 3527 dpatientia,
423 3445 473 3525 qui
489 3443 616 3526 diligunt
635 3462 721 3521 nana,
745 3448 956 3505 consectantur
972 3446 1252 3522 remunerationem,
1276 3464 1336 3508 non

209 3550 389 3613 miserentur
412 3549 527 3630 inopis,
551 3566 610 3611 non
633 3548 770 3610 laborant
791 3546 821 3606 in
845 3547 969 3628 gratiam
992 3547 1086 3627 iltius,
1110 3550 1159 3630 qui
1179 3547 1283 3611 labore
1302 3567 1338 3610 ac

210 3655 358 3716 rerumnis
377 3651 531 3716 coniectos
550 3658 605 3731 est,
631 3651 667 3713 ad
689 3651 933 3715 obtrectationem
954 3654 1091 3734 prompti,
1116 3672 1175 3715 non
1201 3670 1337 3735 cognos-

211 3764 314 3820 centes
327 3763 493 3820 creatorem
505 3775 600 3835 suom,
618 3757 781 3819 liberorum
798 3756 1035 3838 interemptores,
1053 3759 1082 3821 in
1095 3758 1251 3821 abortione
1264 3776 1337 3819 cor·

211 3868 381 3943 rumpentes
389 3862 443 3924 Dei
453 3867 812 3940 creatoramanersantes
822 3880 960 3943 egenum,
974 3865 1175 3945 opprimentes
1185 3863 1336 3941 afflictum,

212 3966 333 4029 divitum
348 3965 493 4047 advocati,
516 3985 678 4049 pauperum
697 3966 789 4046 iniqui
804 3965 938 4047 judices;
962 3986 1015 4049 per
1034 3970 1132 4031 omnia
1150 3974 1336 4049 peccatores.

500 4157 576 4221 ΧΧΙ.
625 4157 792 4220 Conclusio
816 4159 1038 4222 admonitorio.

298 4277 435 4359 Aequum
455 4278 618 4363 igiturest,
642 4286 674 4341 ut
692 4279 782 4343 bomo
801 4279 923 4343 edoctus
940 4280 1074 4344 mandata
1091 4281 1219 4361 Domini,
1243 4289 1336 4363 qnot-

213 4389 283 4465 qnot
307 4384 392 4464 prins
412 4383 522 4465 scripta
546 4392 632 4463 sunt,
664 4385 693 4445 in
717 4386 761 4447 cis
784 4386 920 4448 ambulet.
966 4387 1022 4460 Oui
1050 4387 1127 4449 enim
1151 4406 1187 4449 ea
1209 4387 1335 4470 perficit,

213 4489 240 4550 in
256 4506 355 4571 regno
375 4488 430 4550 Dei
448 4488 544 4571 gioria
566 4489 777 4565 cumulabitnr3
800 4490 851 4570 qni
874 4507 947 4553 vero
975 4487 1065 4554 '²alia
1090 4491 1226 4574 elegerit,
1248 4489 1334 4552 simul
1415 4520 1419 4532 ·

245 4676 273 4743 7)
292 4674 380 4727 Cenat.
399 4676 486 4747 bpoat.
507 4677 560 4744 VII,
581 4677 621 4729 ld.
806 4681 852 4748 ti)
878 4677 971 4737 Ψεῦδος
995 4679 1061 4731 addo
1086 4697 1118 4733 ex
1137 4678 1222 4732 Const.
1244 4678 1334 4747 Apoat.

246 4763 276 4831 8)
294 4761 359 4815 ibid.
379 4762 432 4829 vit,
454 4765 493 4817 17.
788 4768 803 4819 Ι.
823 4786 845 4820 c.

248 4850 275 4914 9)
295 4848 382 4903 Cenat
401 4851 490 4919 Apaat
509 4851 563 4916 Vll,
584 4850 625 4902 18.
808 4855 851 4919 12)
868 4850 963 4903 Ἐκεῖνα
981 4875 1015 4903 =
1035 4868 1101 4922 qnae
1122 4851 1223 4904 divinae
1240 4851 1334 4903 voiun-

235 4936 276 5001 10)
295 4935 409 4990 Sobnndi
427 4953 459 4991 ex
477 4936 687 4991 concedentibus
705 4927 761 5001 ἕνῇ
788 4943 832 4992 tati
850 4950 908 4992 aunt
926 4940 1067 5004 contraria,
1087 4937 1119 4988 dc
1137 4938 1227 5008 quibua
1247 4955 1270 4990 c.
1290 4937 1335 4991 XX

219 5020 263 5071 doc
788 5028 871 5080 inerat
889 5042 980 5080 sermo.

265 5128 330 5171 tenu
342 5137 405 5182 aput.
421 5129 458 5170 ΙΙ.
473 5130 508 5170 Ν.
1106 5112 1128 5180 ⁴
