3067 6450
192 1184 277 1240 uxnr
631 1182 878 1237 enouscouuux
1114 1183 1316 1254 [uanrrnrnr

280 1342 319 1429 b)
350 1342 493 1408 Actorum
524 1349 676 1407 auctorem
711 1343 761 1406 diu
794 1350 861 1426 post
892 1343 997 1427 Ignatii
1030 1351 1168 1428 tempora
1204 1346 1317 1426 vixisse,

192 1451 330 1516 Daiiaeus
359 1469 376 1511 e
408 1450 596 1512 sermonibus
627 1450 775 1533 conjecit,
807 1468 884 1531 quos
911 1469 977 1514 cum
1001 1451 1130 1534 Trojano
1155 1470 1174 1514 a
1199 1451 1318 1534 biartyre

191 1558 307 1621 babitos
339 1555 411 1618 Acta
442 1562 543 1619 nostra
575 1560 695 1636 praeter
731 1573 849 1619 ornnem
883 1557 947 1619 vcri
986 1574 1021 1618 ac
1053 1554 1158 1619 decori
1195 1558 1318 1639 speciem

191 1662 315 1726 finxisse
338 1666 420 1742 putat
443 1661 488 1723 vir
509 1660 559 1721 iile
582 1661 710 1722 criticus.
754 1658 789 1721 Ei
816 1660 876 1741 J'am
900 1659 1078 1723 Pearsonius
1098 1657 1129 1743 ¹)
1159 1661 1318 1744 respondit

191 1785 351 1832 sermones
374 1767 448 1828 istos
471 1771 554 1827 certe
578 1783 678 1845 neque
701 1763 779 1842 ocri,
802 1781 902 1844 neque
925 1765 1033 1828 decori
1049 1744 1187 1829 ratiorr‘es
1206 1766 1319 1829 turbore

191 1869 386 1937 contendens.
432 1868 495 1933 Una
527 1875 637 1931 tantum
669 1888 730 1932 vox
758 1863 960 1948 κακοδαίμων
983 1867 1028 1953 (c.
1052 1868 1122 1952 2),
1153 1889 1171 1933 a
1197 1873 1318 1955 Trajano

190 1983 342 2059 usurpata,
358 1975 520 2057 objectioni
536 1973 575 2035 itii
592 1974 783 2037 occasionem
797 1975 972 2056 praebuisse
985 1975 1115 2054 videtur,
1132 1993 1318 2056 quemnemo

189 2082 298 2145 dixerit
321 2080 491 2162 imperatori
516 2079 634 2141 minimo
657 2081 834 2159 convenire,
857 2082 907 2163 qui
930 2100 995 2143 eam
1021 2088 1105 2143 recte
1128 2081 1317 2144 intellexerit

189 2189 246 2263 Qui
270 2188 348 2250 enim
372 2187 471 2263 novit,
502 2184 572 2266 quid
595 2185 634 2247 sit
655 2181 873 2265 κακοδαίμων,
905 2193 935 2248 et
960 2184 1112 2267 quomodo
1136 2185 1318 2248 Christianos

188 2293 218 2355 in
245 2292 360 2375 judicio
391 2290 571 2371 compellare
602 2290 682 2354 soliti
714 2289 823 2354 tuerint
856 2291 981 2370 ethnici,
1015 2290 1102 2353 facile
1134 2291 1264 2369 sentiet,
1293 2293 1351 2350 ct·

188 2415 293 2459 verum
325 2396 383 2458 boc
414 2402 444 2457 et
472 2394 614 2456 decorum
646 2413 725 2458 esse.
771 2395 824 2459 Est
854 2403 952 2458 autem
978 2388 1201 2474 motaque,
1232 2402 1264 2459 ut
1284 2414 1318 2458 ex

188 2502 285 2564 multis
301 2499 446 2581 exemplis
460 2499 639 2562 Pearsonius
656 2499 766 2579 docuit,
783 2501 823 2563 nil
838 2501 928 2576 aliud,
944 2520 1030 2582 quarn
1047 2500 1166 2579 infelix
1180 2502 1270 2565 bomo
1281 2497 1316 2583 ²}

274 2604 433 2666 Praeterea
450 2603 639 2676 monendum,
655 2623 812 2668 sermones
828 2607 932 2688 Ignatii
949 2613 979 2668 et
992 2606 1122 2688 Trajuni,
1138 2625 1155 2668 a
1171 2607 1317 2687 scriptore

187 2708 331 2774 Actorum
355 2728 419 2772 noo
440 2708 631 2772 adverbum
653 2710 781 2789 relatos,
815 2719 1028 2792 auctoremque
1055 2718 1192 2774 nostrum
1217 2711 1316 2774 eaden

188 2817 304 2880 licentia
329 2833 414 2878 usum
438 2832 518 2893 esse,
542 2833 628 2895 quam
653 2816 774 2878 omnino
798 2816 933 2879 historici
957 2819 985 2878 in
1002 2815 1178 2878 enarrandis
1197 2818 1316 2880 aliorum

188 2921 377 2990 sermonibus
394 2920 448 2980 sibi
465 2919 661 2981 vindicabant.
707 2919 821 2993 Quodsi
838 2940 863 2983 e.
880 2940 909 3002 g.
931 2921 1028 3001 capito
1044 2920 1064 2983 2
1081 2920 1229 3003 Trajanus
1245 2920 1316 2982 deos

189 3026 343 3110 gentilium
367 3025 534 3086 doemones
558 3024 694 3105 appellat,
718 3031 801 3087 certe
817 3025 992 3107 scriptorem
1009 3024 1205 3088 christianum
1220 3026 1316 3088 verbio

189 3131 356 3195 christianis
380 3135 507 3191 mentem
531 3128 650 3210 Trajani
674 3131 855 3209 exposuisse
884 3130 971 3192 tacite
994 3131 1167 3212 perspicies.

276 3235 312 3321 o)
346 3237 522 3300 Autbentiae
554 3243 760 3318 argumentum
790 3235 859 3296 inde
889 3255 1010 3317 quoque
1040 3237 1125 3298 nobis
1157 3236 1315 3318 petendum

188 3344 315 3421 uidetur,
331 3342 410 3423 quod
425 3342 498 3405 Actu
515 3342 590 3428 baec
606 3359 710 3422 pressa
724 3340 910 3422 simplicique
922 3342 1057 3403 oratione
1068 3341 1126 3402 sint
1138 3343 1314 3423 conscripta.

275 3447 321 3509 lV.
360 3447 539 3509 Postremum
556 3446 699 3509 Actorum
716 3445 820 3525 ignatii
837 3451 949 3524 partem
965 3445 1105 3524 spuriam,
1122 3450 1152 3505 ct
1166 3445 1205 3506 ab
1222 3447 1316 3508 inter·

186 3551 323 3633 polatore
347 3551 475 3631 modam
499 3557 637 3626 assutam,
661 3551 792 3611 arbitrati
808 3557 877 3612 sunt
892 3548 1189 3628 Ueserim-omnim
1205 3557 1237 3613 et
1251 3550 1315 3623 aiii;

187 3657 297 3732 causis,
318 3661 349 3716 ut
372 3655 440 3716 nubi
465 3653 591 3730 videtur,
615 3672 675 3715 non
698 3653 923 3716 sufficientibus.

276 3756 313 3840 a)
344 3757 525 3819 Postremum
555 3756 696 3818 Actorum
726 3763 840 3839 partem
871 3759 899 3820 in
931 3759 1023 3821 attera
1055 3759 1143 3820 latina
1173 3758 1316 3820 versione

188 3862 300 3926 codicis
324 3860 491 3922 Cottoniani
515 3861 638 3939 deesse,
670 3862 788 3925 minime
812 3880 972 3944 negamus,
1001 3860 1055 3923 sed
1079 3861 1157 3923 bunc
1180 3862 1315 3924 codicem

187 3967 297 4029 nuttios
313 3966 495 4026 auctoritatis
511 3982 591 4039 esse,
608 3983 648 4024 ex
664 3966 709 4041 iis,
725 3983 803 4045 quac
818 3984 907 4048 supra
925 3986 950 4048 p.
962 3965 1075 4028 txvut
1091 3966 1231 4045 diximus,
1245 3967 1316 4029 satis

186 4074 328 4152 apparet;
350 4070 478 4153 luceque
501 4073 545 4129 est
568 4067 692 4145 clarius,
716 4070 908 4150 interpretem
932 4074 1035 4148 istum,
1059 4070 1163 4151 ignatii
1186 4069 1316 4131 adventu

187 4175 216 4235 in
242 4174 316 4235 urbe
339 4179 471 4249 narrato,
494 4192 510 4234 a
533 4172 666 4254 genuino
682 4173 823 4235 Actorum
845 4174 1007 4255 exemplari
1028 4171 1063 4235 ad
1089 4172 1202 4234 tabulas
1219 4175 1317 4235 inter·

187 4277 331 4359 potatoris
354 4294 424 4338 sese
446 4277 643 4338 convertisse.
688 4276 790 4340 Exstat
815 4285 911 4341 autem
933 4278 1084 4359 posterior
1105 4276 1153 4338 iila
1171 4276 1316 4338 Actorum

186 4398 274 4462 pars,
298 4399 314 4441 a
338 4380 447 4442 Grabio
472 4380 500 4440 in
525 4378 643 4441 dubium
666 4387 791 4459 uocata,
815 4383 844 4443 in
868 4383 1010 4445 versione
1033 4379 1144 4444 codicis
1169 4378 1316 4457 (baiensis,

187 4494 218 4548 ct
242 4487 271 4548 in
295 4503 407 4568 graeco
431 4484 593 4566 exemplari
616 4485 784 4549 Parisiensi.

274 4588 313 4674 b)
330 4589 361 4653 Si
377 4588 517 4650 Grabium
533 4586 645 4665 audias,
661 4598 764 4671 aperte
780 4592 836 4653 sibi
852 4589 978 4653 invicem
990 4604 1161 4670 repugnare
1173 4586 1317 4650 videntur

186 4693 243 4757 ista
265 4693 358 4756 verba
381 4710 407 4754 c.
432 4691 478 4770 7.‚
510 4708 587 4772 quae
619 4692 647 4753 in
664 4697 820 4759 ⁴versione
851 4701 952 4757 nostra
976 4694 1014 4755 ita
1037 4698 1163 4755 sonant:
1195 4689 1318 4753 Horam

186 4817 246 4864 nos
267 4798 331 4877 ipsi
353 4803 546 4876 spectatores
567 4794 658 4873 sacti,
682 4817 776 4879 quum
790 4800 824 4860 in
841 4798 988 4880 iacrymis
1008 4806 1104 4862 totam
1118 4802 1241 4859 noctem
1256 4814 1316 4857 cc·

223 4934 252 5000 t)
270 4931 401 4985 vindiciae
419 4929 473 5000 lgn.
493 4927 563 4983 P.11.
583 4948 605 4984 c.
619 4932 651 4984 ¹2
669 4934 736 5001 apud
799 4934 829 5003 2)
846 4936 975 4989 Pmron.
993 4933 1010 4987 l.
1029 4949 1052 4986 c.

187 5017 300 5073 Cotoiar.
319 5018 346 5072 T.
365 5018 395 5074 lb
414 5035 441 5087 p.
461 5018 510 5071 tto
530 5034 585 5089 sqq.
746 4947 753 5093 Ι

100 5239 202 5289 ι
