3067 6450
210 1175 276 1241 408
306 1137 310 1147 ’
379 1168 517 1223 annuus
535 1167 671 1223 aaaron.
709 1165 806 1220 crasa
824 1166 885 1252 m·
902 1166 1027 1221 sruum.
1048 1167 1113 1222 vui.
1134 1168 1174 1222 ur.

214 1333 392 1415 aequitatem
423 1336 634 1394 exercuerunt.
680 1329 780 1409 Aliqui
809 1347 884 1393 uero
916 1348 1019 1394 eorum
1044 1337 1171 1394 mortem
1195 1333 1331 1412 obicmut,

214 1443 243 1500 et
267 1437 315 1499 alii
338 1436 466 1498 libenter
489 1432 614 1495 adversa
639 1434 718 1514 passi
742 1439 820 1512 suut,
843 1451 992 1497 memores
1016 1433 1166 1500 laetorum
1187 1441 1330 1500 suorum.“

219 1544 222 1549 '
301 1539 349 1601 XI.
394 1539 553 1619 Postquam
577 1537 690 1600 linisset
714 1538 842 1601 omnium
866 1539 1016 1622 virgarum
1036 1541 1279 1623 explanationes,
1303 1544 1333 1603 ait

213 1643 301 1708 mibi:
328 1642 441 1723 „uade,
466 1648 495 1704 et
517 1642 565 1704 dic
588 1642 740 1721 omuibus,
764 1648 797 1704 ut
818 1648 909 1726 agant
930 1645 1164 1725 poeniteutiam,
1189 1652 1219 1706 et
1242 1646 1335 1707 vivent

213 1749 300 1825 De03
335 1748 402 1828 quia
433 1753 531 1810 motus
555 1746 689 1810 dominus
712 1750 818 1830 magma
842 1748 998 1811 clementia
1019 1766 1074 1811 sua
1106 1749 1185 1810 misit
1217 1767 1284 1827 me,
1312 1756 1336 1811 ut

214 1853 426 1937 poeniteutiam
449 1853 615 1914 nuntiarem
639 1853 797 1932 omuibus,
819 1852 865 1914 his
890 1852 995 1930 etiam,
1027 1853 1077 1933 qui
1100 1870 1164 1915 uon
1189 1862 1335 1917 merentur

213 1964 338 2043 propter
360 1955 437 2020 lacta
460 1975 515 2020 sua
537 1957 658 2037 assequi
682 1956 816 2019 salutem.
862 1955 921 2019 Sed
937 1956 1054 2037 patiens
1069 1962 1116 2018 est
1133 1955 1293 2035 Dominus,
1314 1962 1337 2018 et

216 2062 420 2127 invitationem
443 2078 496 2142 per
512 2058 614 2123 Filium
637 2077 722 2122 suum
746 2057 851 2122 laetam
867 2061 930 2122 vult
944 2060 1161 2124 conservare.“
1210 2059 1286 2123 Dico
1302 2062 1335 2123 ei:

217 2183 339 2249 ,sperq
363 2163 492 2243 domine,
516 2163 592 2243 lore,
614 2170 646 2225 ut
669 2162 775 2226 auditis
797 2163 844 2225 bis
860 2165 992 2229 universi
1013 2170 1102 2249 agant
1119 2165 1335 2245 poenitentiam.

147 2344 150 2351 ,
217 2270 317 2335 Credo
342 2270 437 2348 euim,
470 2287 725 2349 unumquemque,
758 2268 866 2349 agnitis
889 2269 951 2332 suis
975 2269 1059 2331 lactis
1083 2274 1113 2330 et
1138 2274 1268 2349 accepto
1291 2268 1335 2330 Dei

216 2378 341 2455 timore,
364 2373 400 2437 ad
424 2373 634 2455 poenitentiam
658 2374 898 2455 regressurum.“
944 2372 994 2436 Ait
1016 2374 1084 2436 mibi
1092 2394 1101 2448 3
1139 2371 1336 2454 ¹quicumque

218 2487 280 2545 toto
304 2478 396 2543 corde
418 2478 537 2560 egerint
559 2478 788 2559 poeniteutiam,
820 2484 849 2539 et
878 2477 1100 2559 purificaverint
1130 2495 1167 2539 se
1200 2479 1238 2540 nb
1269 2477 1337 2539 omni

216 2585 358 2665 nequitia,
384 2601 461 2665 quae
484 2600 573 2664 supra
598 2581 673 2644 dicta
697 2589 760 2660 cst,
785 2588 815 2643 et
836 2599 897 2644 non
921 2583 1085 2664 adjecerint
1107 2581 1210 2644 adbuc
1233 2580 1271 2644 ad
1287 2582 1335 2644 de·

215 2690 285 2752 licta
309 2707 364 2752 sua
387 2687 555 2769 quidquam,
579 2686 725 2769 accipient
748 2686 907 2750 altemino
930 2686 1093 2749 remedium
1117 2688 1257 2768 priorum
1271 2705 1336 2768 pec-

219 2799 353 2856 catorum
378 2810 510 2870 suorum,
532 2791 557 2853 si
582 2790 652 2852 nihil
675 2789 874 2853 dubitaverint
898 2793 935 2854 de
952 2791 1096 2853 mendatis
1111 2791 1177 2867 bis;
1201 2798 1233 2853 et
1249 2793 1337 2854 vivent

217 2897 293 2960 lieu.
339 2897 396 2971 Qui
419 2913 493 2959 vero
517 2895 690 2977 adjecerint,
715 2895 819 2976 iuquit,
842 2895 878 2959 ad
903 2895 1009 2959 delicta
1032 2912 1096 2974 sua,
1120 2901 1151 2957 et
1176 2897 1337 2959 conversati

218 3001 329 3066 luerint
353 3003 382 3064 in
407 2999 614 3082 cupiditatibus
630 3000 724 3063 seculi
740 3000 839 3083 bujus,
863 3000 1041 3063 damnabunt
1056 3019 1091 3062 se
1107 3002 1194 3081 ipsos
1210 3001 1249 3063 nd
1264 3020 1336 3065 mor·

179 3088 183 3099 ’
217 3115 286 3172 tem.
332 3107 377 3170 'lu
398 3124 472 3169 vero
497 3105 611 3168 ambula
635 3105 663 3167 in
687 3104 830 3167 mandatis
854 3105 929 3183 istis,
951 3111 981 3166 et
1003 3105 1087 3167 vives
1110 3104 1199 3181 De03
1225 3113 1255 3167 et
1277 3106 1336 3186 qui·

218 3231 346 3294 cumque
362 3211 575 3275 ambulaverint
591 3211 619 3273 in
636 3209 692 3290 bis,
708 3218 738 3274 et
753 3218 837 3276 recte
853 3230 888 3274 ea
906 3211 1107 3293 exercuerint,
1127 3210 1234 3274 vivent
1251 3210 1334 3274 Dec⁸

218 3318 377 3399 Postquam
401 3335 476 3381 vero
498 3317 574 3379 baec
597 3318 693 3380 omnia
711 3316 779 3379 mibi
796 3315 936 3396 ostendit,
959 3318 999 3379 ait
1014 3316 1098 3379 mibi:
1124 3317 1263 3399 „reliqua
1278 3323 1335 3397 post

220 3421 284 3486 dies
307 3439 420 3503 paucos
443 3422 495 3484 tibi
518 3422 702 3485 ostendam.“

648 3627 823 3711 Similitudo
860 3627 912 3709 tx.

255 3801 484 3883 Aediflccndae
505 3804 672 3866 militantis
694 3812 724 3865 et
747 3804 966 3885 triumphantis
990 3806 1144 3869 ecclesiae
1167 3809 1312 3889 mysterio

601 3939 625 3958 ·-
712 3927 858 3972 mosem

307 4045 328 4109 l.
373 4045 531 4127 Postquam
554 4046 660 4129 scripsi
683 4048 818 4113 mandata
842 4056 871 4112 et
887 4048 1092 4113 similitudines
1110 4053 1244 4132 pastoris
1260 4052 1336 4126 illius,

193 4204 197 4219 ,
220 4150 314 4212 nuntii
336 4151 547 4231 poeniteutiae,
570 4153 650 4214 uenit
667 4150 728 4215 ‘lad
746 4173 803 4233 me,
826 4162 856 4217 et
871 4154 944 4217 dixit
960 4154 1043 4217 mibi:
1069 4156 1162 4234 „volo
1186 4157 1337 4220 ostendere

220 4252 281 4334 tibi,
305 4273 510 4336 quaecumque
534 4253 681 4339 ³spiritus
705 4260 755 4320 tibi
780 4259 920 4338 ostendit,
943 4260 994 4338 qui
1017 4259 1045 4322 iu
1071 4259 1175 4343 effigie
1200 4261 1337 4324 ecclcsiae

258 4476 284 4543 1)
302 4475 358 4530 lloc
370 4493 472 4549 quoquo
484 4479 542 4534 loco
553 4481 658 4534 libertas
669 4482 768 4535 humani
795 4484 871 4534 steria
890 4499 935 4535 sua
953 4483 1062 4536 Hermae
1080 4486 1216 4551 aperuisse
1236 4494 1338 4537 conten·

220 4562 315 4617 arbitrii
334 4582 347 4616 a
366 4564 440 4618 Patre
464 4575 550 4619 nostro
571 4568 685 4621 docetur.
717 4568 767 4620 Cir.
796 4569 871 4622 ditur.
902 4567 954 4621 Clr.
968 4570 1019 4622 llis.
1038 4570 1079 4637 tv,
1103 4572 1130 4622 l:
1150 4572 1196 4624 ubi
1217 4577 1338 4627 Dominus

220 4666 297 4718 snpra
315 4667 337 4703 e.
357 4651 381 4704 6.
400 4668 425 4719 p.
444 4651 505 4703 tot.
524 4661 577 4705 not.
596 4654 612 4704 2
634 4662 659 4704 et
677 4658 767 4709 Jaet-
795 4656 968 4708 revelationes
985 4674 1031 4725 per
1049 4662 1193 4713 ecetesiam
1206 4660 1340 4712 ostendisse

221 4756 320 4806 meam,
340 4737 357 4788 l.
379 4755 401 4790 c.
420 4755 445 4806 p.
464 4739 507 4791 77.
797 4741 893 4794 dieitur.
925 4744 996 4796 llunc
1008 4744 1097 4797 Pastor
1109 4746 1203 4798 eodem
1220 4763 1269 4814 per
1281 4746 1339 4814 figu-

256 4824 285 4891 2)
305 4824 346 4877 Sc.
364 4830 475 4880 arsatius
492 4829 671 4895 poenitentioe.
796 4845 849 4880 ram
876 4834 964 4884 turris
990 4834 1166 4900 aedificandae
1198 4834 1258 4897 (cir.
1286 4832 1339 4884 inlts

255 4908 285 4977 ³)
304 4909 411 4977 Spiritus
427 4910 484 4976 Dei,
504 4914 519 4964 i.
534 4929 557 4965 e.
577 4911 654 4965 Filius
668 4912 725 4979 Dei,
744 4916 768 4967 in
797 4931 819 4968 c.
839 4916 854 4966 ³
872 4917 940 4985 sqq.)
959 4915 1069 4969 Hermas
1087 4920 1211 4975 ostendit.

222 4994 366 5051 visionibus
383 5014 430 5065 per
446 4997 550 5069 figuram
564 4997 694 5053 Ecclesiae
710 5018 769 5071 my-
