3067 6450
245 1116 311 1236 330
460 1163 599 1219 ttEttttltF.
617 1161 751 1217 PASTOR
788 1159 922 1215 uiuunt
959 1158 1043 1216 VISIO
1062 1158 1094 1214 il.
1112 1159 1158 1214 111.

247 1323 419 1414 ΙΓραισσῇ.
475 1321 541 1386 Καὶ
575 1315 708 1410 speum}
738 1318 797 1402 μὲν
823 1341 913 1385 unum
947 1320 1109 1404 ¹Graptae.
1155 1321 1252 1384 liittet
1280 1328 1370 1385 auten

243 1421 432 1514 νουθετήσει
447 1424 527 1502 ατοῖς
542 1418 642 1513 χήρας
652 1423 706 1490 καὶ
719 1419 795 1501 τούς
822 1426 961 1489 clemens
996 1425 1025 1487 iu
1064 1434 1187 1491 exteras
1224 1427 1369 1502 civitatem

243 1524 411 1621 ὀρφανούς.
456 1523 584 1618 Κλήμης
608 1528 644 1595 δὲ
666 1526 795 1616 πέμψει
821 1530 860 1592 illi
877 1530 955 1591 enim
972 1532 1153 1611 permissum
1171 1536 1227 1593 cst
1267 1530 1368 1611 Grapta

243 1633 289 1710 εἰς
320 1634 379 1709 τοὶς
411 1629 474 1711 ἔξω
506 1626 627 1710 πόλεις.
681 1633 725 1698 §o
757 1631 794 1698 de*
821 1638 917 1695 autem
949 1635 1149 1697 commonebit
1178 1630 1316 1697 ‘viduas
1343 1639 1367 1694 et

242 1736 419 1824 ἀναγγελιῖς
442 1737 538 1814 3τοῖς
563 1735 795 1827 πρεσβυτέροις
821 1737 981 1818 orphanos.
1026 1740 1071 1802 Tu
1100 1745 1201 1822 autem
1227 1737 1315 1820 leges
1341 1737 1365 1798 in

242 1848 300 1928 τῆς
321 1840 495 1929 ἐκκλησίας.
819 1842 876 1904 hac
909 1842 1027 1903 civitate
1060 1860 1127 1904 eum
1163 1838 1363 1918 ³seni0ribus,

820 1945 870 2025 qui
893 1953 1036 2026 praesunt
1058 1945 1243 2008 ecclesiae.“

721 2150 807 2233 lisio
834 2149 887 2232 lll.

240 2332 289 2394 Do
311 2298 534 2409 triompbontis
553 2328 705 2392 ecclesiae
724 2334 885 2389 structura
907 2334 937 2388 et
956 2327 1058 2390 ooriis
1078 2327 1239 2390 bominum
1260 2345 1359 2405 repro·

648 2431 756 2495 borum
779 2429 953 2494 ordinibus.

328 2573 348 2634 l.
393 2572 484 2651 Visio,
509 2589 595 2652 quam
619 2570 690 2648 vidi,
713 2570 831 2648 iratres,
855 2570 931 2632 visio
954 2568 1020 2632 talis
1042 2575 1115 2632 erat
1162 2570 1263 2645 Ouum
1286 2569 1358 2652 jeju·

240 2694 358 2739 uassem
382 2676 566 2757 frequenter,
590 2680 617 2735 ei
642 2683 780 2756 precatus
804 2691 903 2737 essem
924 2675 1097 2753 Dominum,
1114 2681 1147 2738 ut
1168 2674 1242 2737 mibi
1264 2681 1356 2736 osten·

227 2780 323 2842 ,deret
338 2780 562 2856 revelationem,
585 2798 673 2860 quam
690 2780 838 2862 pollicitus
855 2786 901 2841 est
917 2778 1078 2842 ostendere
1093 2797 1150 2860 per
1165 2798 1257 2843 anum
1273 2778 1355 2851 illau;

239 2882 344 2945 eadem
368 2889 456 2946 nocte
480 2886 614 2966 apparuit
635 2884 705 2946 mihi
728 2901 802 2947 anus
826 2883 892 2963 illa,
923 2889 952 2944 et
983 2882 1057 2945 dixit
1085 2884 1171 2946 mibi:
1209 2884 1355 2964 „quonian

238 2989 282 3050 sic
305 2987 484 3069 langues-et
507 2988 648 3050 sollicitus
671 3006 705 3050 es
724 2987 760 3051 ad
780 2986 933 3050 sciendum
955 2988 1062 3066 omnia,
1085 2986 1155 3049 veni
1175 2987 1207 3048 in
1228 2982 1353 3068 ⁴agrum,

237 3091 287 3154 ubi
311 3093 365 3169 vis,
390 3098 418 3153 et
443 3092 520 3153 circa
545 3091 647 3153 boram
664 3097 780 3154 sextam
797 3090 992 3154 manifestabo
1009 3110 1056 3154 me
1073 3092 1134 3169 tibi,
1158 3097 1190 3153 et
1212 3089 1352 3154 ostendum

238 3196 298 3275 tibi,
322 3213 399 3276 quac
422 3200 560 3277 oporteat
582 3200 610 3257 te
634 3195 767 3258 videre.“
814 3195 929 3278 Rogavi
954 3194 1039 3273 illam,
1063 3194 1188 3258 dicens:
1216 3195 1349 3274 ,domina

212 3299 266 3360 'in
290 3318 377 3380 quem
402 3300 498 3361 locum
523 3301 586 3381 agri
596 3300 633 3360 ?“
674 3300 780 3378 „Ubi,“
804 3301 906 3380 inquit,
930 3300 1005 3377 ,vis,
1029 3299 1109 3380 elige
1125 3299 1227 3362 locum
1243 3301 1363 3372 benum,-

236 3403 413 3465 sccretum.“
453 3401 620 3483 Antequam
636 3408 733 3464 autem
748 3403 829 3483 loqui
847 3405 1024 3484 coepissem,
1044 3408 1073 3463 et
1089 3403 1194 3465 dicere
1211 3405 1239 3465 ei
1254 3402 1346 3476 iocum,

236 3506 276 3566 ait
299 3506 384 3567 mibi:
419 3508 572 3585 ,veniam,
595 3507 644 3568 ubi
668 3508 743 3569 vis.“
789 3508 843 3571 Fui
872 3526 970 3589 ergo,¹
994 3506 1119 3586 iratres,
1152 3508 1182 3569 in
1208 3526 1297 3590 apro,
1322 3511 1345 3567 et

236 3609 395 3671 observavi
417 3609 517 3687 boras,
542 3617 571 3672 et
593 3612 662 3672 veni
686 3613 714 3672 in
739 3611 853 3689 locum,
881 3612 930 3673 ubi
954 3612 1165 3673 constitueram
1193 3613 1222 3674 ei
1245 3611 1342 3675 venire.

234 3712 270 3774 Et
300 3713 389 3775 video
420 3713 592 3776 subsellium
623 3717 767 3796 positum;
800 3720 864 3775 erat
894 3714 1021 3776 cervical
1049 3714 1177 3794 lineum,
1212 3723 1243 3778 et
1268 3731 1343 3796 super

235 3817 354 3880 linteum
379 3836 543 3897 expansum
567 3820 763 3881 carbasinum.
808 3817 920 3880 Videris
936 3818 1011 3879 baec
1025 3820 1134 3899 posita,
1159 3825 1190 3881 et
1212 3820 1341 3882 neminen

235 3938 303 3980 esse
326 3921 354 3980 in
378 3920 465 3995 loco,
496 3926 618 4000 stupere
641 3924 745 4002 coepi,
777 3928 807 3985 et
837 3922 933 4003 capilli
959 3923 1016 3985 mei
1040 3930 1291 3998 exsurrexerunt,
1318 3923 1341 3981 et

234 4024 318 4100 quasi
337 4023 444 4083 horror
460 4040 507 4083 mc
523 4025 756 4105 comprehendit,
782 4043 871 4106 quum
887 4044 983 4088 essem
999 4026 1090 4089 solus.
1132 4026 1180 4089 Ad
1198 4048 1246 4089 rue
1260 4034 1339 4090 auteu

232 4142 384 4203 reversus,
409 4133 438 4186 et
454 4123 632 4189 memoratus
648 4128 774 4209 gloriam
793 4130 855 4207 Dei,
879 4135 914 4191 et'
928 4137 1048 4211 acceptu
1069 4130 1204 4209 audacia,
1230 4129 1338 4213 ⁵positis

232 4230 359 4312 genibus
384 4230 547 4293 confitebar
570 4232 634 4295 Deo
657 4234 762 4295 iterum
785 4240 916 4314 peccata,
941 4250 1018 4313 quae
1037 4235 1129 4314 prius.
1173 4235 1254 4299 Ecce
1274 4233 1339 4317 veuit

266 4364 293 4426 i)
313 4362 405 4431 Graptc
424 4365 566 4418 diaconissa
579 4367 778 4420 iuissuvidetur.
806 4367 981 4436 presbyterum
1000 4367 1086 4421 luisse.
1113 4372 1274 4425 doctam
1289 4369 1304 4420 l.
1319 4381 1336 4416 c·

232 4448 283 4501 Cir.
310 4454 452 4514 lllosbeim,
481 4451 619 4504 Commeat.
646 4456 678 4505 do
703 4456 779 4506 rebus
805 4470 830 4522 p.
850 4456 891 4506 26.
931 4511 933 4516 ,

231 4537 321 4589 Christ.
348 4553 372 4604 p.
395 4537 450 4586 167.
489 4537 586 4589 Nomen
611 4543 710 4610 Grapts
732 4558 777 4592 rc·
840 4543 870 4607 4)
889 4539 981 4594 Esdram
999 4544 1164 4611 quoquessll
1177 4541 1333 4609 mailli]

229 4626 314 4691 peries
328 4638 429 4691 quoquc
443 4622 576 4689 inlusepbi
587 4625 645 4678 bell.
652 4627 706 4691 jud.
714 4627 743 4692 V,
751 4628 776 4679 9.
805 4630 829 4679 in
848 4645 963 4697 campum
981 4628 1104 4697 aliquem,
1124 4633 1222 4686 Ardatb
1240 4632 1330 4687 ueniat,

265 4710 295 4776 2)
313 4709 419 4779 Propter
432 4709 629 4763 imbecillitatem
643 4713 776 4765 ecclesiam
803 4717 840 4766 ira
855 4713 967 4780 jubetur.
1003 4719 1152 4770 tartnann
1170 4718 1187 4769 l.
1207 4736 1230 4770 c.
1249 4736 1271 4788 p.
1286 4716 1317 4767 65.

229 4796 342 4857 intrare,
361 4804 388 4846 et
406 4795 439 4847 ibi
457 4795 592 4847 lectionem
611 4798 668 4850 libri
687 4800 775 4852 audire
839 4803 866 4864 5)
886 4800 922 4853 ltu
947 4811 1098 4869 peccatores
1122 4812 1148 4855 st
1169 4803 1326 4872 poenitentia

228 4895 278 4929 non
298 4880 421 4931 valentes.
802 4896 908 4954 ugentes
936 4903 1010 4939 orara
1036 4900 1239 4957 consueverant,
1265 4884 1324 4942 reteri

264 4965 293 5031 3)
311 4964 372 5016 inda
391 4982 440 5019 nou
459 4972 636 5037 consequitur,
656 4970 775 5025 llsrmaru
801 4982 904 5027 stantes.
1175 4975 1180 4985 “

103 5153 238 5293 ἱ
