3067 6450
144 1197 172 1253 a.
192 1193 394 1265 omniane]
580 1192 834 1251 rnonacouana.
1236 1202 1273 1256 xi

146 1357 329 1419 Clementem
352 1374 408 1418 nee
432 1353 594 1437 Origenem
617 1375 683 1418 curn
708 1356 812 1418 eadem
835 1359 1016 1437 reverentia,
1045 1378 1132 1439 quam
1156 1361 1273 1442 seriptis

146 1480 220 1524 vere
243 1460 416 1539 apostolicis
439 1461 587 1538 tribuunt,
610 1459 648 1521 de
673 1461 796 1540 epistola
819 1470 920 1526 nostra
944 1464 1095 1546 disputare
1116 1462 1154 1545 ¹).

234 1561 270 1647 c)
294 1563 461 1628 Eusebium
484 1571 514 1626 et
536 1565 758 1645 Hieronymum
781 1567 960 1630 authentiam
983 1569 1128 1650 epistolae
1151 1575 1273 1631 nostrae

144 1671 317 1753 negavisse,
341 1669 421 1731 multi
445 1671 521 1731 male
544 1669 679 1731 eredunt.

233 1766 374 1857 Legimus
397 1774 516 1854 quidem
545 1776 574 1836 in
598 1775 675 1836 illius
698 1774 821 1836 historia
845 1774 1049 1837 ecclesiastica
1072 1777 1124 1855 ΙΙΙ,
1148 1776 1205 1841 25:
1239 1773 1273 1841 έν

144 1884 217 1953 τοῖς
239 1872 353 1950 νόθοις
373 1868 604 1958 καταιετάχθιυ
626 1873 679 1939 καὶ
702 1882 765 1939 τῶν
787 1867 921 1940 Παάλου
942 1868 1090 1963 rupitias
1115 1878 1135 1964 ἦ
1158 1879 1272 1969 γραφή,

145 1983 164 2049 ὅ
186 2007 221 2047 τι·
243 1978 409 2066 λεγόμενος
432 1981 575 2068 Ποιμήν,
597 1980 651 2045 καὶ
672 1978 691 2068 ἠ
712 1972 924 2060 ἀποκάλυψις
946 1981 1091 2069 Πέτρου,
1113 1983 1166 2048 καὶ
1188 1980 1274 2072 πρὸς

145 2085 274 2161 τούτοις
296 2084 316 2171 ἡ
337 2082 495 2172 φερομένη
518 2076 671 2172 Βαρνάβα
693 2081 857 2173 ἐπιστολή.

233 2195 292 2259 Sed
317 2193 482 2271 Eusebius,
516 2194 671 2274 epistolam
703 2200 835 2255 nostram
865 2192 934 2266 τοῖς
960 2180 1076 2267 νόθοις
1098 2212 1273 2275 accensens,

145 2299 306 2380 improprie
330 2297 406 2361 inune
429 2316 535 2360 vaeern
559 2299 721 2378 usurpavit,
745 2305 775 2358 at
798 2316 906 2361 revera
929 2317 989 2362 non
1014 2299 1052 2361 de
1074 2299 1157 2362 libris
1179 2300 1273 2363 adut·

144 2405 267 2479 termis,
291 2402 345 2463 sed
370 2403 408 2463 de
431 2390 694 2483 άνιιλεγομένοις,
717 2404 784 2464 sive
802 2402 908 2464 dubiis
928 2402 1021 2480 libris,
1044 2409 1074 2464 et
1089 2423 1105 2465 a
1121 2404 1273 2467 nonnullis

144 2507 321 2586 repudiatis
346 2507 438 2568 verba
462 2505 541 2586 lecit,
565 2514 596 2567 ut
617 2508 680 2586 ipse
696 2506 786 2587 paulo
803 2514 871 2588 post
888 2513 1012 2570 testatur
1028 2507 1145 2570 dicens:
1169 2513 1273 2572 ταῦτα

143 2608 202 2691 μέν
232 2608 338 2674 πάντα
368 2608 405 2693 (i.
429 2629 456 2672 e.
552 2610 627 2673 Acta
649 2610 747 2687 Pauli,
778 2611 883 2675 Pastor
906 2616 961 2673 etc.
986 2617 1016 2674 et
1038 2611 1170 2693 Epistola
1193 2612 1272 2675 Bar-

144 2713 260 2797 nabae)
283 2713 347 2777 τάν
368 2704 705 2796 ἀντιλεγομένων
728 2703 766 2776 άν
787 2711 845 2799 alp.

231 2820 299 2883 Non
326 2821 423 2881 minus
446 2818 593 2881 Eusebius
624 2820 653 2881 in
684 2827 774 2882 sexto
804 2820 946 2883 historiae
974 2838 1047 2883 suae
1068 2820 1146 2884 libro
1169 2839 1195 2883 c.
1222 2818 1271 2885 ld.

145 2924 300 3006 epistolam
322 2929 454 2988 nostram
476 2926 548 2996 τοῖς
570 2916 825 3006 ἀντιλεγομέναις
846 2925 1004 3003 adscribit,
1035 2927 1163 2990 docens:
1197 2925 1270 2989 Cle·

144 3037 273 3093 mentera
289 3027 523 3092 Alexandrinum
540 3030 569 3092 in
586 3029 669 3092 libris
685 3029 919 3112 Hypotppnseon
936 3048 1040 3093 omnes
1056 3031 1150 3094 libros
1166 3049 1272 3096 sacrae

144 3135 315 3215 Scripturas
338 3151 514 3211 enarrasse,
543 3150 582 3195 ne
605 3123 862 3217 ἀντιλεγομέναις
883 3136 1002 3215 quidem
1025 3134 1108 3198 libris
1130 3143 1272 3217 praeter-

145 3242 260 3318 missis,
289 3236 369 3324 μηδὲ
391 3235 450 3313 τάς
472 3229 714 3323 άντιλεγομένας
735 3236 927 3327 παρελθών·
960 3237 1016 3324 τήν
1037 3229 1152 3317 Ἰούδα,
1181 3237 1271 3323 λέγω,

142 3342 197 3424 uui
220 3335 279 3417 τάς
300 3339 418 3418 λοιπάς
439 3338 618 3418 emboliaria
639 3340 822 3420 ἐπιστολάς,
845 3340 902 3428 τήν
925 3364 957 3406 τε
975 3338 1127 3428 Βαρνάβα
1146 3341 1198 3406 καὶ
1217 3341 1273 3428 τῆν

147 3447 276 3535 Πέτρου
297 3446 464 3533 λεγομένην
486 3438 703 3532 ἀποκάλυψιν.
750 3451 976 3511 Auctoritatem
1006 3450 1096 3529 igitur
1118 3448 1272 3528 epistolae,

146 3573 206 3619 non
229 3558 295 3637 ejus
317 3555 519 3629 authentiam,
543 3553 691 3615 Eusebius
715 3553 744 3615 in
769 3553 887 3616 dubium
912 3552 1038 3614 vocavit.

232 3660 331 3722 Paene
355 3658 460 3721 eadem
483 3656 607 3721 dicenda
631 3664 701 3719 sunt
724 3658 762 3719 de
780 3658 973 3738 Hieronymo,
996 3656 1162 3719 scribente:
1187 3656 1271 3720 Enr-

146 3764 246 3826 aabas
270 3763 428 3846 Cyprius,
459 3765 512 3843 qui
543 3771 573 3825 et
594 3762 712 3841 losepb
735 3762 876 3839 Levites,
911 3781 979 3823 oum
1009 3761 1107 3824 Paulo
1136 3765 1273 3842 pontium

145 3868 316 3947 Apostolus
339 3868 525 3944 ordinatus,
555 3886 651 3929 uuam
680 3868 723 3929 ad
750 3868 1000 3947 aedificationem
1023 3866 1175 3928 ecelesiae
1195 3888 1271 3947 per·

145 3974 290 4035 timentem
308 3972 471 4051 epistotam
488 3973 668 4050 composuit,
691 3990 771 4052 quae
786 3974 868 4035 inter
883 3971 1081 4051 apomuplras
1096 3973 1272 4050 scripturas

146 4073 314 4159 tacitast).
352 4076 447 4150 Ouern
470 4077 499 4138 in
522 4075 619 4138 locunt
642 4076 717 4138 scite
740 4072 984 4158 Pearsonius³):
1009 4074 1184 4152 ,Barnabae
1202 4077 1271 4158 cpi-

146 4184 252 4244 stolam
276 4181 369 4244 luisse
393 4178 480 4242 tradit
502 4177 739 4262 (Hieronymus)
760 4199 819 4243 non
841 4180 896 4261 ipsi
913 4180 1105 4261 suppositam,
1129 4186 1178 4241 aut
1194 4198 1271 4261 spu-

146 4288 217 4349 riam
226 4307 236 4363 3
259 4286 303 4349 ad
321 4286 571 4365 aedificationem
589 4285 741 4347 eeclesiae
758 4286 939 4367 pertinuisse
955 4284 1072 4362 asserit,
1095 4301 1154 4345 non
1172 4286 1271 4363 itaque

146 4391 324 4454 haereticam
347 4390 478 4470 putavit;
510 4389 618 4450 lectam
641 4398 739 4452 tamen
761 4391 842 4451 inter
865 4388 1062 4469 apocryphas
1088 4385 1271 4465 Scripturas

147 4496 252 4575 docet,
283 4513 340 4558 nee
370 4495 407 4556 ab
437 4492 563 4556 ecclesia
595 4492 777 4575 repudiatam
808 4492 929 4555 innuit.“
977 4491 1149 4573 Apaeryphi
1172 4497 1271 4552 autera

145 4599 212 4663 libri
235 4607 296 4663 tam
318 4598 339 4661 ii
361 4603 515 4675 vocantur,
538 4599 588 4679 qui
612 4598 772 4661 authentici
796 4597 932 4678 quidem,
955 4596 1010 4659 sed
1034 4596 1070 4658 ab
1094 4596 1270 4659 auctoritate

146 4705 290 4768 canonica
313 4703 435 4781 remoti,
467 4702 548 4764 etin
571 4721 722 4767 sacrarum
745 4704 957 4784 scripturarum
980 4719 1097 4763 canone
1125 4718 1186 4762 nan
1215 4715 1270 4760 re·

146 4810 342 4891 positi'sunt;
373 4813 432 4869 tuna
455 4807 493 4885 ii,
520 4807 570 4887 qui
593 4825 654 4870 non
676 4814 745 4871 sunt
767 4826 891 4887 eorum,
914 4825 1040 4888 qaorum
1063 4806 1152 4868 titulis
1176 4820 1270 4882 prae-

182 4946 210 5008 1)
229 4946 422 5015 Hedepeaaiap,
435 4945 558 5012 Origenes
569 4943 588 5007 l,
599 4961 625 5011 p.
635 4944 694 4997 ets.
757 4944 787 5011 3)
807 4943 903 4997 Vindia.
917 4942 996 5010 lgnat.
1010 4941 1037 4993 P.
1051 4940 1070 4991 1.
1090 4957 1112 4990 c.
1127 4938 1151 4987 4.
1170 4952 1195 5003 p.
1209 4935 1269 4991 289.

181 5032 211 5100 2)
229 5035 338 5088 Hieram.
354 5032 398 5084 lib.
415 5030 447 5083 de
461 5033 522 5086 airis
534 5031 621 5085 illustr.
636 5047 658 5084 e.
668 5031 693 5084 6.
705 5093 707 5098 Ι
721 5029 772 5084 ctr.
792 5031 904 5083 Gallaad.
925 5029 941 5081 Ι.
961 5046 983 5082 c.
1001 5044 1025 5096 p.
1044 5022 1120 5078 XXX·
