3067 6450
391 1276 394 1280 Ι
489 1203 648 1259 urerent
666 1204 713 1258 nn
731 1203 932 1258 nroonnrorr.
951 1205 992 1260 nr.
1011 1207 1041 1261 v.
1264 1212 1328 1278 ³05

200 1366 348 1430 situdines
371 1384 426 1448 pro
450 1384 507 1430 suo
530 1368 672 1432 arbitratu
696 1366 915 1448 ¹distribnere,
947 1370 1018 1432 alies
1046 1367 1083 1431 ed
1096 1367 1230 1435 ‚²lestos
1253 1369 1329 1451 dies,

201 1472 276 1535 elias
307 1470 344 1533 ad
375 1468 530 1549 ³luclum3
561 1474 627 1554 quis
658 1473 716 1535 hoo
746 1472 841 1536 cultus
871 1473 979 1552 divini,
1010 1480 1040 1537 et
1070 1493 1130 1537 non
1163 1474 1330 1539 dementiae

201 1576 293 1640 mollo
325 1576 419 1659 magis
450 1576 588 1639 indicium
618 1578 822 1640 existimabit?
867 1576 1050 1641 ¹Communi
1081 1580 1172 1661 igilur
1199 1582 1330 1644 vanitate
1418 1663 1420 1667 .

202 1689 234 1745 et
257 1700 371 1760 errore,
396 1688 426 1743 et
447 1681 630 1745 ludaeorum
654 1680 862 1764 ⁵operositale
885 1690 975 1763 atque
994 1685 1134 1766 jactantia
1154 1688 1223 1767 jure
1241 1683 1330 1746 Chri·

202 1787 317 1850 stianos
347 1786 518 1865 obstinere,
556 1795 586 1849 te
615 1788 734 1852 abunde
762 1787 903 1852 didicisse
932 1789 1087 1866 existimo;
1127 1786 1210 1852 ⁶sed
1239 1789 1330 1851 divini

202 1891 301 1953 cultus
335 1890 391 1953 illis
424 1892 536 1973 proprii
570 1894 745 1975 mysterium
777 1912 816 1956 ne
848 1888 891 1956 te'
913 1893 948 1956 ab
982 1894 1102 1957 ltomine
1134 1893 1195 1956 ullo
1228 1893 1331 1956 doceri

201 2014 295 2078 posse
317 2013 432 2078 speres.

536 2189 570 2249 V.
618 2188 869 2252 Christianorum
890 2210 1000 2259 mores.

295 2304 473 2373 'Christiani
496 2310 574 2372 enim
597 2327 698 2390 neque
720 2311 857 2392 regione,
881 2330 981 2392 neque
1002 2312 1113 2394 lingua,
1137 2329 1235 2394 neque
1252 2311 1330 2374 vitae

203 2414 343 2477 institutis
365 2434 382 2477 a
405 2414 513 2477 ceteris
536 2414 703 2477 hominibus
726 2421 795 2478 sunt
816 2415 954 2478 distincti.
991 2416 1066 2479 Nam
1082 2434 1180 2498 neque
1195 2417 1331 2498 proprias

203 2520 340 2582 civitates
363 2518 513 2598 incolunt,
544 2537 643 2599 neque
665 2518 766 2603 lingna
791 2526 911 2583 utuntur
933 2522 1093 2603 peculiari,
1120 2540 1220 2602 neque
1242 2522 1332 2583 vitam

204 2623 318 2707 degunt
340 2623 507 2686 discretam.
546 2624 652 2705 Neque
674 2626 856 2708 cogitatione
874 2626 998 2706 quadam
1015 2634 1045 2689 et
1060 2626 1210 2689 hominum
1227 2628 1332 2690 eurio·

203 2746 307 2791 sorum
330 2728 531 2792 sollicitudine
554 2727 629 2791 haec
652 2723 831 2813 ⁸disciplina
854 2731 891 2794 ab
915 2733 958 2794 eis
981 2738 1028 2795 est
1050 2728 1210 2811 ⁹invente,
1234 2750 1333 2813 neque

204 2835 292 2898 alicui
322 2835 452 2919 dogmati
480 2835 609 2899 humano
639 2837 880 2917 patrocinentur,
914 2838 989 2900 sicut
1012 2838 1153 2900 nonnulli.
1199 2836 1258 2901 Sed
1282 2838 1334 2899 in-

204 2939 342 3003 colentes
358 2941 461 3022 partim
477 2958 613 3023 graecas,
637 2943 741 3021 partim
757 2941 901 3004 barbaras
917 2944 1060 3021 civitates,
1083 2950 1172 3023 prout
1188 2944 1334 3025 cujusque

203 3060 275 3107 sors
294 3046 368 3123 tulit,
394 3041 419 3083 ¹⁰
430 3052 461 3108 et
477 3044 681 3129 indigenarum
698 3047 827 3108 instituta
843 3052 1005 3126 sequentes
1021 3046 1050 3108 in
1067 3049 1176 3109 vestitu
1192 3046 1334 3126 victuque

204 3156 235 3213 et
258 3150 378 3229 ceteris,
402 3168 478 3231 quae
502 3149 539 3213 ad
562 3151 650 3214 vitam
672 3150 832 3234 pertinent,
855 3150 1017 3213 mirabilem
1035 3158 1066 3212 et
1084 3149 1267 3213 hauddubie
1284 3151 1333 3211 in-

204 3254 377 3318 credibilem
401 3257 479 3319 vitae
501 3274 574 3319 suae
593 3258 738 3320 rationem
757 3256 852 3318 oeulis
872 3256 982 3318 nostris
1002 3262 1181 3337 proponunt.
1219 3256 1331 3318 Patrios

203 3360 344 3443 proprias
367 3360 543 3441 inhabitant,
576 3361 630 3426 sed
654 3367 791 3442 tanquam
823 3358 846 3398 ¹¹
861 3361 1003 3441 inquilini.
1049 3358 1155 3422 Omnia
1178 3378 1245 3421 cum
1267 3359 1331 3422 aliis

203 3466 316 3529 habent
346 3468 512 3530 communia
544 3472 577 3530 ut
607 3468 707 3543 cives;
743 3472 773 3529 et
802 3466 900 3528 omnia
930 3465 1079 3546 patiuntur
1109 3470 1141 3528 nt
1169 3464 1331 3547 peregrini.

204 3569 311 3634 Omnis
338 3568 532 3654 ¹¹peregrino
550 3573 637 3653 regio
656 3589 761 3634 eorum
777 3577 824 3634 est
838 3571 931 3652 patria
940 3590 949 3646 ;
974 3578 1003 3634 et
1019 3571 1114 3633 omnis
1129 3569 1222 3651 patria
1239 3586 1331 3650 pere-

203 3676 302 3759 grina.
340 3674 459 3738 Uxores
482 3675 594 3738 ducunt
616 3683 648 3739 ut
671 3693 786 3754 omnes,
809 3681 837 3738 et
860 3676 972 3739 liberos
994 3679 1170 3757 procreant;
1194 3672 1248 3735 sed
1271 3689 1331 3734 non

204 3780 349 3863 abjiciunt
366 3779 474 3843 foetus.
508 3780 641 3844 llensam
661 3798 846 3844 communem
864 3780 983 3859 liabent,
1005 3797 1066 3842 non
1086 3796 1161 3841 aero
1186 3773 1331 3838 ¹³lectum

239 3915 269 3978 7)
288 3913 478 3981 Cir.Nemtder‚
492 3914 684 3969 lucu-oeten
696 3915 755 3997 edit.
783 3915 876 3968 codicis
895 3915 988 3983 explet.
1025 3913 1105 3966 Simili
1126 3913 1202 3965 modo
1214 3913 1330 3966 -l'erttrl-

204 3999 236 4054 11.
257 4001 285 4054 Τ.
305 4001 325 4054 l.
346 4002 369 4054 1.
389 4019 414 4072 p.
435 4002 493 4056 118.
783 4005 874 4057 tianae
892 4018 994 4072 quoque
1013 4002 1135 4070 (Apolog.
1154 4017 1176 4053 e.
1191 3999 1238 4067 39)
1255 3998 1332 4050 dicit:

239 4090 270 4153 8)
290 4089 398 4143 Codices
418 4090 514 4144 habent
531 4087 666 4155 μαθήματι.
784 4092 879 4143 Omnia
909 4093 1056 4144 t’ttdt'terett
1084 4098 1150 4143 aunt
1179 4089 1249 4158 apud
1281 4103 1333 4139 troc

240 4175 271 4244 9)
291 4176 335 4228 tta.
354 4177 477 4244 εἰρημένον
495 4178 754 4244 :diuturnitatem
782 4186 888 4245 practer
905 4194 1018 4229 uxorea·
1056 4177 1114 4228 Otto
1136 4171 1219 4241 .(0pp.
1239 4171 1265 4223 S.
1284 4170 1332 4223 Ju·
1446 4179 1452 4196 '

204 4260 275 4331 quod
302 4262 418 4315 defendit
436 4267 496 4318 Otto
523 4261 600 4331 (Opp.
620 4261 646 4313 S.
665 4260 756 4313 Juttini
783 4262 841 4313 atini
860 4260 965 4328 plns,
983 4260 1064 4327 Epist.
1084 4260 1115 4311 ad
1135 4260 1227 4329 Diogn.
1248 4276 1273 4327 p.
1286 4258 1332 4322 89)

204 4364 231 4416 p.
250 4348 310 4401 477.
336 4358 362 4402 et
385 4347 466 4417 Epist.
492 4349 524 4402 ad
547 4345 682 4417 Diogm‘p.
701 4348 756 4412 88).
783 4348 815 4398 ad
830 4344 1332 4415 fidemcodicitdrgentoratensitlegit:

204 4434 259 4488 Sed
283 4435 329 4488 cir.
349 4436 433 4489 locum
450 4435 538 4504 parall.
558 4450 581 4487 o.
601 4436 632 4485 7:
659 4429 689 4483 οὗ
712 4431 758 4501 ydp
783 4430 833 4482 aar*
858 4430 887 4483 od
912 4430 1005 4498 κοινὴν,
1031 4433 1047 4486 i.
1065 4450 1090 4486 e.
1114 4451 1167 4487 rtott
1185 4434 1331 4501 vulgarent,

203 4518 324 4588 ἷπίγειον,
360 4520 395 4579 αἶς
423 4522 509 4588 ἔφην,
544 4519 662 4589 εὕρημα
691 4514 757 4571 τοῦτ’
783 4539 836 4575 ttott
871 4525 1007 4591 pullulant.
1055 4520 1082 4572 Si
1118 4522 1199 4588 ipsum
1233 4516 1332 4581 audin,

204 4603 286 4666 αὐτοῖς
303 4606 437 4677 παρεδόθη.
784 4606 932 4675 Anonpmus
954 4617 1042 4662 notter
1065 4608 1124 4660 voci
1147 4600 1227 4667 κοινήν
1247 4600 1332 4669 dupli·

223 4695 271 4765 10)
289 4695 335 4749 llr.
354 4694 379 4745 tr
396 4701 453 4752 τοῖς.
784 4710 841 4747 cem
857 4695 927 4748 dedit
945 4711 1061 4748 tensumt
1081 4694 1108 4756 α)
1123 4714 1158 4740 =
1173 4690 1331 4754 communie,

224 4782 273 4851 11)
296 4780 418 4850 adponet.
455 4780 507 4835 cn.
533 4785 547 4836 l
574 4785 697 4837 Gletttettt.
725 4781 756 4833 ad
783 4784 814 4846 β)
830 4804 865 4830 =
880 4785 1013 4852 immun,
1032 4783 1159 4850 pollutue·
1184 4772 1332 4826 Germfluioe

206 4866 321 4921 Corinth.
341 4883 364 4920 o.
386 4869 410 4919 1.
430 4868 488 4921 llot.
507 4868 532 4921 3.
785 4868 851 4920 huuc
868 4868 951 4920 locum
971 4869 1010 4921 vir
1027 4866 1095 4917 doct
1109 4864 1200 4914 vertit:
1219 4864 1331 4915 stota-

225 4955 271 5019 12)
289 4954 365 5019 Ξίνη,
388 4971 426 5007 tc.
451 4951 519 5022 χώρα
536 4956 593 5007 sive
611 4958 647 5022 tl·
675 4957 756 5007 Orro.
784 4959 831 5009 tert
849 4960 924 5010 aneta
940 4956 1131 5025 pentetecosten
1148 4952 1247 5014 Piaelt,
1271 4951 1333 5002 alet·

225 5040 270 5107 13)
290 5033 329 5092 Ου’
346 5043 437 5106 κοίτην.
471 5040 509 5094 lta
527 5040 643 5096 llaramm
667 4998 855 5112 laeuua'ttt'ettt
873 5045 948 5096 ήκω
965 5041 1106 5111 pertremen-

259 5144 327 5187 latrtt
339 5150 403 5198 aptat.
420 5143 454 5187 td.
469 5145 504 5189 lt.
1080 5120 1124 5190 20
