3067 6450
315 1193 438 1250 withan
454 1194 614 1251 saetosa
631 1196 677 1252 ΑΙ)
697 1198 903 1254 881ΥΗΝΛΕο8.
922 1201 952 1254 V.
970 1200 1011 1255 Vi.
1031 1201 1085 1257 m
1198 1205 1263 1274 227

140 1352 236 1416 ¹Nam
261 1362 291 1417 et
314 1354 352 1419 de
374 1358 461 1420 nobis
484 1357 562 1421 idem
579 1361 720 1425 sentiunt.
759 1359 864 1438 ²0nid
880 1367 957 1428 enim
973 1366 1042 1429 mihi
1059 1367 1190 1449 prodest,
1214 1366 1265 1431 ³si

137 1461 206 1540 quis
222 1479 268 1521 maa
285 1461 394 1541 laudet,
416 1462 573 1526 Dominum
589 1472 686 1529 autem
701 1487 798 1531 meum
815 1469 1007 1551 blasphemat,
1032 1470 1124 1534 ⁴euna
1144 1491 1264 1535 earnem

136 1566 317 1629 assumsisse
333 1568 474 1649 negans?
511 1569 567 1642 Oui
588 1570 710 1634 veroid
731 1591 792 1636 non
813 1574 978 1656 profitetur,
1001 1576 1026 1638 is
1050 1596 1174 1659 prorsus
1196 1597 1263 1641 aum

136 1672 276 1750 negavit,
305 1672 370 1752 ipse
399 1671 487 1735 funus
515 1681 646 1756 portans.
690 1677 818 1741 Nomina
845 1698 918 1743 vero
941 1697 1063 1759 eorum,
1094 1700 1182 1762 quum
1206 1682 1265 1745 sint

136 1775 277 1854 infidelia,
300 1794 360 1838 non
378 1777 472 1840 visum
488 1779 558 1841 mihi
578 1786 626 1843 est
645 1783 787 1845 scribere.
831 1784 868 1847 Et
889 1786 966 1848 absit
987 1805 1004 1847 a
1028 1804 1084 1865 me,
1107 1794 1139 1849 nt
1160 1806 1264 1851 eornm

136 1881 319 1943 mentionem
351 1879 471 1962 iaciam,
502 1883 598 1948 donec
629 1883 846 1952 ⁶reaertantur
876 1889 913 1952 ad
946 1890 1116 1972 passionem
1146 1891 1264 1973 Christi,

137 2004 216 2067 quae
240 1993 287 2049 est
308 1993 412 2051 nostra
433 1989 625 2054 resurrectio.

136 2178 184 2240 Vi.
232 2179 378 2256 Quinam
402 2182 503 2244 credit
531 2182 565 2243 ia
591 2183 776 2263 sanquinem
800 2184 935 2264 Christi,
958 2188 1174 2268 judicabilia,
1205 2189 1264 2255 etsi

214 2285 344 2365 anpeius
367 2295 456 2349 esset.
501 2286 679 2350 Haereticie
703 2289 774 2351 istis
797 2290 890 2352 ctiam
912 2292 1043 2355 virtutes
1068 2294 1187 2356 desani.

227 2407 320 2470 Nemo
351 2416 439 2471 erret
485 2406 550 2472 ⁶131
580 2411 606 2473 si
638 2412 805 2490 coelestes,
837 2418 866 2475 et
888 2414 985 2497 gioria
1011 2416 1203 2499 angelorum,
1234 2422 1265 2478 et

136 2511 286 2594 principes
309 2513 441 2576 visibiles
465 2521 495 2576 et
510 2514 671 2578 invisibiles
687 2534 747 2579 non
767 2515 890 2580 credant
906 2518 935 2581 in
951 2520 1127 2602 sangninem
1146 2519 1264 2595 Christi,

138 2611 197 2678 'et
223 2617 279 2698 ipsi
304 2618 524 2700 judicabuntur.
578 2615 671 2695 ⁸Qm·
701 2640 814 2701 capere
842 2631 963 2701 potest,
998 2625 1114 2702 capiat.
1165 2623 1263 2686 Locus

135 2721 283 2783 neminem
307 2721 412 2786 efferat
420 2745 428 2800 ;
451 2730 544 2788 totum
566 2726 643 2787 enim
668 2732 713 2788 est
735 2724 810 2788 tides
833 2733 863 2788 et
878 2727 1016 2805 charitas,
1039 2722 1171 2808 ’quihus
1192 2726 1264 2789 nihil

134 2828 344 2907 praestantius.
389 2827 584 2892 Considerata
607 2848 681 2894 vero
704 2847 770 2908 eos,
793 2832 844 2911 qui
867 2832 1023 2913 depretia
1045 2828 1121 2893 Jesu
1144 2829 1262 2908 Christi,

135 2949 214 3012 quae
230 2932 267 2993 ad
283 2933 444 3012 eosvenit,
466 2932 591 2995 alienam
607 2935 779 3015 opinionem
796 2942 923 3014 tuentur,
947 2933 1098 3016 quomodo
1122 2934 1264 2998 contrarii

134 3038 195 3099 sint
217 3035 335 3099 divinae
358 3037 511 3101 voluntati.
555 3039 623 3102 Non
646 3039 775 3102 charitas
798 3041 842 3102 eis
865 3058 956 3102 curae
987 3047 1050 3119 est,
1080 3058 1140 3102 non
1164 3039 1262 3117 vidua,

134 3159 197 3203 non
214 3141 331 3224 pupilia,
347 3159 406 3205 non
423 3160 596 3226 oppressus,
620 3164 681 3208 non
698 3144 814 3207 vinctus
830 3144 879 3209 vel
895 3145 1020 3225 solutos,
1043 3160 1104 3208 non
1125 3144 1262 3208 esuriens

136 3244 186 3308 vel
208 3247 323 3310 sitiens.

132 3437 193 3501 ΥΠ.
238 3437 397 3502 Haeretici
419 3439 474 3503 isti
497 3440 654 3505 abstinent
674 3442 714 3505 ab
737 3442 961 3519 Eucharistia,
996 3459 1122 3504 carnem
1146 3439 1263 3503 Christi

338 3563 406 3606 eam
428 3564 497 3607 esse
519 3556 677 3628 crepantes.
723 3546 916 3609 Recedamas
941 3544 980 3607 ab
1003 3545 1054 3607 iis.

226 3660 304 3729 ¹⁰Ab
329 3667 505 3730 eucharistia
526 3674 556 3731 et
576 3669 712 3732 oratione
737 3666 761 3706 ¹¹
773 3668 931 3747 abstinent,
954 3664 1089 3748 eoquod
1106 3681 1261 3729 noncon·

132 3817 211 3887 Corp.
230 3818 309 3889 ignat.
327 3837 353 3889 p.
372 3821 423 3873 219
442 3829 468 3874 et
486 3822 564 3887 249):
593 3819 684 3879 ὃςέστι
712 3823 815 3889 incipit,
834 3821 879 3874 sed
899 3820 963 3873 haec
978 3818 1261 3889 atiqoamoitoarctias
1354 3827 1361 3838 '

133 3903 200 3962 Geir·
710 3925 766 3960 eum
791 3912 837 3974 iia,
866 3923 933 3977 quaa
955 3923 1030 3975 snpra
1053 3905 1086 3958 de
1104 3904 1262 3959 Eucharistia

165 3992 196 4057 8)
216 3993 302 4047 hiatth.
323 3996 365 4060 18,
387 3996 426 4050 12.
710 3995 870 4060 dictasunt,
895 3994 1033 4047 cohaerent
1057 3999 1084 4044 at
1106 3991 1209 4045 minima
1228 3987 1261 4043 ab

166 4078 196 4143 9)
215 4079 267 4132 ch.
288 4082 319 4132 ad
338 4081 421 4151 Maga.
442 4099 464 4135 a.
486 4082 509 4136 1.
709 4083 747 4134 eia
767 4083 854 4134 thath
872 4089 987 4151 possunt

149 4166 194 4230 10)
221 4170 400 4223 Theoloretua
438 4167 516 4234 (nist.
543 4168 584 4220 111.
616 4168 632 4221 Ι.
658 4186 681 4223 c.
729 4168 776 4232 11)
796 4172 948 4224 ilhtharnau
977 4168 1014 4232 tin
1031 4169 1160 4232 Nicanor,
1187 4164 1260 4217 zen-

130 4269 156 4320 p.
168 4251 243 4318 231),
262 4256 304 4323 qai
317 4254 383 4306 hanc
396 4254 480 4307 iocum
494 4253 589 4321 laudat,
605 4255 681 4325 legit:
709 4253 796 4306 schriit
809 4254 849 4305 itir
861 4254 946 4306 histor.
959 4251 1048 4306 Theoi.
1066 4252 1141 4304 1851.
1160 4269 1185 4320 p.
1195 4251 1259 4318 288)

129 4337 280 4405 εὐχαριστίας
309 4343 350 4388 ami
381 4338 514 4408 προσφορὰ
542 4338 585 4390 oria
613 4339 681 4393 a'no-
709 4340 741 4392 ad
760 4334 1260 4408 18181θαμὸἒκιίνηβεραίαεῦχαρι-

130 4422 254 4491 ‹ttloma
280 4425 352 4478 lianc
365 4426 597 4481 tectionemtuetar
609 4431 680 4500 Laf-
708 4430 765 4476 arta
800 4423 906 4493 ἡγείσθω
940 4428 1080 4495 respiciens
1113 4426 1259 4478 contendit:

129 4516 202 4580 tiata,
229 4516 368 4585 Litarpa'a,
398 4513 462 4569 T.l.
488 4532 513 4584 p.
533 4516 575 4567 at.
610 4515 681 4568 lianc
709 4514 852 4567 haereticos
874 4515 946 4566 'istos
975 4529 1027 4565 aon
1054 4511 1200 4564 omnimoda
1226 4510 1259 4563 ab

128 4600 268 4652 sectionem
283 4596 444 4667 (εὐχαριστίας
464 4629 494 4641 -
514 4596 616 4671 hyesme)
634 4600 680 4653 Ja·
709 4599 866 4654 Eucharistia
878 4600 1040 4664 abstinuisse,
1058 4598 1103 4650 sed
1122 4595 1154 4648 ab
1170 4599 1258 4649 eccla-

129 4686 257 4740 cobsoaaa
282 4688 357 4755 capiti
383 4687 546 4740 antecedenti
567 4688 679 4753 addidit;
707 4690 822 4741 siastiaa
840 4685 1000 4739 eucharistia.
1033 4683 1172 4736 Decetiami
1191 4682 1258 4734 enim

128 4774 680 4842 „arehuimaeaimaahaaraathasaprae·
707 4772 848 4826 fautoribus
878 4791 942 4827 caro
968 4770 1061 4824 Christi
1091 4777 1118 4821 et
1144 4769 1259 4837 aanpaa'a

128 4859 305 4914 cedentibus!
332 4858 681 4930 Jacohaoauaitaqoeoapot
707 4859 762 4926 ejas
781 4859 935 4911 offendiculo
958 4865 1037 4911 erant.
1074 4855 1124 4924 ipsi
1148 4852 1258 4906 fortasse

127 4954 247 4999 sauram
270 4962 284 4997 a
305 4947 391 4999 aaahis
409 4946 441 4998 Oi
459 4943 503 4996 oia
519 4944 681 5014 ᾰντιλίγοντες
707 4947 861 4998 eucharistia
899 4945 1002 5014 propria
1038 4942 1190 5004 utebantur,
1230 4948 1259 4993 ot

125 5030 302 5103 aejtmepwa
316 5033 380 5086 Oroi
394 5032 680 5103 (imnacharium),
707 5031 824 5100 Ophitaa.
861 5030 912 5085 cn.
932 5033 1063 5101 Epiphsn.
1084 5027 1153 5082 haar.
1174 5027 1218 5095 37,
1231 5026 1257 5081 5.

976 5119 1015 5186 15
1028 5120 1048 5157 ¹⁵
