3067 6450
528 1198 708 1253 BARNABAE
727 1196 893 1254 EPISTOLA.
921 1196 953 1252 Χ.
971 1196 1015 1252 xi.
1293 1198 1335 1266 27

208 1360 272 1424 istis
301 1360 437 1440 ieminis,
470 1379 549 1441 quoe
578 1359 729 1422 infandum
761 1359 875 1422 focinus
906 1379 961 1423 ore
992 1367 1172 1445 perpetrent.
1218 1360 1335 1424 Animal

208 1466 287 1528 enim
311 1465 382 1528 iliud
406 1484 461 1529 ore
482 1466 620 1546 concipit.
660 1465 760 1527 Moses
784 1465 874 1546 igitur
896 1463 933 1526 de
953 1467 1032 1528 escis
1055 1466 1181 1546 loquens
1203 1466 1255 1526 triu
1276 1467 1335 1526 de-

208 1576 292 1633 cretu
318 1570 435 1633 locutus
459 1571 558 1633 estin
583 1570 702 1650 spiritu;
726 1568 766 1630 iiii
790 1586 884 1645 uero,
904 1571 989 1650 juxte
1013 1572 1111 1631 cernis
1135 1569 1334 1653 cupiditptom,

207 1674 295 1754 quusi
326 1673 365 1737 de
397 1675 475 1736 escis
503 1672 677 1755 simpliciter
708 1673 839 1754 egisset,
871 1679 1060 1753 acceperunt.
1111 1672 1227 1735 ¹Dorid
1260 1692 1334 1737 vero

207 1777 316 1841 horum
337 1780 425 1841 trium
448 1777 651 1841 mundatorum
676 1795 798 1839 sensum
829 1777 1010 1858 spiritualem
1035 1778 1275 1858 comprehcndit,
1304 1783 1335 1840 et

207 1883 248 1943 nit
271 1883 422 1945 similiter:
445 1879 583 1945 ²bcotus
603 1883 670 1958 eir,
695 1882 749 1961 pui
770 1899 833 1943 non
851 1880 929 1943 odiit
948 1881 978 1940 in
998 1882 1136 1944 concilio
1156 1884 1332 1961 impiorum,

206 1974 283 2049 sicut
298 1987 319 2049 ii
335 1988 434 2067 pisces
457 1987 606 2050 ambulent
625 1988 654 2048 in
676 1986 808 2048 tenebris
830 2003 864 2046 ec
880 1986 970 2046 muris
991 1984 1156 2066 protundo;
1180 1995 1210 2047 et
1230 1986 1262 2046 in
1283 1985 1335 2048 oio

204 2099 404 2170 pcccatorum
424 2110 489 2153 non
510 2093 611 2167 stetit,
643 2091 719 2152 sicut
741 2091 778 2168 ii,
812 2090 862 2170 qui
885 2090 1022 2152 videntur
1046 2091 1149 2152 timere
1166 2090 1333 2167 veterinum,

207 2201 237 2256 et
261 2193 352 2256 vetuti
374 2212 427 2258 sus
450 2201 591 2276 peccent;
616 2204 645 2257 ct
665 2197 698 2256 io
715 2194 867 2257 cotdcdre
884 2194 1134 2272 pestilentiarum
1155 2214 1219 2267 noo
1242 2195 1333 2270 redii,

207 2282 457 2380 quomadmodum
480 2317 570 2377 eves,
602 2318 679 2380 quse
702 2297 739 2360 sd
763 2298 895 2378 rapinem
917 2298 1032 2360 sedent.
1079 2295 1230 2362 ³Hsbetis
1254 2316 1334 2360 nuno

208 2411 239 2469 ct
268 2420 378 2466 sensus
409 2404 569 2485 spiritualis
600 2404 717 2486 plenam
748 2403 961 2486 cognitionem.
1008 2399 1076 2464 *ΑΙ
1108 2401 1209 2464 Moses
1240 2419 1333 2482 porro

207 2506 298 2569 dixit:
330 2504 588 2570 ⁵mendecadiiir
620 2526 709 2570 omne
740 2509 865 2588 bifidum
887 2528 927 2569 uc
948 2509 1121 2570 ruminans.
1167 2507 1243 2582 Ouid
1267 2506 1351 2595 uiti·

206 2607 400 2675 ‘Ruminons
422 2619 467 2674 est
490 2614 532 2691 is,
560 2614 610 2694 qui
634 2621 756 2695 eccepto
780 2632 850 2676 esce
874 2613 1006 2675 meminit
1028 2611 1202 2687 nutrientis,
1226 2617 1256 2672 et
1277 2628 1332 2673 sn-

207 2716 295 2779 tiatus
314 2715 354 2778 dc
373 2734 411 2779 co
435 2713 614 2801 [nutritore]
639 2716 764 2781 inuitus
785 2719 974 2801 conspicitur.
1019 2716 1113 2779 Recte
1132 2715 1203 2778 dixit
1220 2716 1331 2795 dieses,

206 2820 373 2902 respiciens
404 2820 440 2883 ed
468 2820 643 2884 mundatum.
689 2823 765 2896 Ouid
790 2840 866 2906 ergo
890 2821 954 2884 eii‘i
999 2820 1229 2886 Adhaercndum
1261 2838 1331 2883 esse

207 2923 242 3011 sd
264 2940 338 3002 cos,
368 2926 418 3006 qni
445 2927 545 2988 timent
569 2926 741 3003 Dominum,
773 2928 875 3008 quiin
900 2926 992 2988 corde
1022 2925 1215 3001 meditentur,
1249 2925 1330 3007 qnod

205 3035 386 3110 occeperunt
410 3023 637 3112 'praeceptum
661 3033 709 3112 qui
733 3032 896 3112 loquuntur
913 3049 948 3093 nc
969 3039 1090 3093 servent
1111 3031 1244 3093 intendite
1264 3031 1330 3092 Do-

206 3133 293 3210 mini,
325 3134 376 3214 qui
398 3135 513 3211 sciunt,
547 3135 766 3198 meditationem
790 3152 866 3217 opus
889 3153 958 3197 esse
985 3137 1130 3210 laetitios,
1161 3142 1188 3194 ot
1214 3133 1329 3195 Donnini

206 3254 377 3300 sermonem
400 3240 557 3300 ruminant.
594 3233 693 3314 ⁸0nid
711 3257 784 3302 vcro
800 3241 856 3301 sibi
874 3239 936 3301 vuit
951 3239 1094 3304 bifidum?
1129 3238 1214 3311 Quod
1231 3240 1331 3319 justus

208 3341 235 3402 in
259 3340 319 3402 hoc
341 3340 449 3403 mundo
472 3343 607 3422 umbuiut
633 3352 663 3407 ct
684 3353 818 3408 sanctum
842 3351 998 3424 exspectet
1019 3344 1178 3405 saccutum.
1217 3340 1331 3417 Videte,

207 3462 293 3524 qinom
315 3444 419 3526 pulcre
433 3449 566 3508 sanxerit
582 3448 690 3510 diosus.
729 3446 788 3511 Sed
807 3446 952 3509 undenam
969 3440 1058 3523 titiis,
1075 3446 1148 3507 hacc
1165 3445 1331 3524 inteiiigere

206 3564 240 3607 ec
263 3548 547 3629 comprehendere?
584 3552 646 3614 Nos
670 3569 744 3614 vcro
764 3553 846 3632 juste
865 3549 998 3612 mundato
1015 3549 1214 3632 intelligentes
1230 3547 1330 3628 ioqui-

205 3668 288 3729 mur,
319 3653 470 3734 quomodo
493 3656 635 3720 Dominus
666 3658 731 3719 istis
754 3656 922 3737 praeceptis
945 3655 1001 3716 sibi
1025 3654 1136 3716 uoluit:
1172 3653 1332 3732 i'ropicros

206 3758 283 3818 enim
308 3775 396 3819 aures
416 3765 535 3821 nostras
553 3769 583 3822 ct
600 3762 689 3823 corde
707 3761 900 3838 circumcidit,
923 3765 954 3820 ut
977 3760 1032 3821 ists
1055 3756 1330 3821 sniniadvortemus.

204 3946 250 4010 XI.
296 3947 489 4029 Boptirmum
511 3961 540 4013 et
563 3971 684 4014 crucem
699 3953 786 4016 Deos
804 3954 875 4032 jem
899 3952 932 4011 in
953 3951 982 4013 V.
1002 3951 1035 4013 Τ.
1049 3947 1329 4029 praemonstravit.

289 4070 474 4143 Quaeremus
499 4090 587 4148 vero,
610 4092 647 4135 on
671 4075 799 4137 Domino
823 4091 914 4135 curae
937 4071 1045 4149 suerit,
1068 4088 1265 4152 praemonere
1292 4069 1330 4131 do

202 4189 278 4253 equs
294 4179 325 4233 et
341 4172 378 4235 de
395 4192 493 4237 cruce.
531 4176 568 4238 Et
588 4177 706 4258 quidem
729 4178 767 4240 de
791 4196 867 4259 aqum
892 4178 1033 4258 scriptum
1055 4176 1149 4237 estin
1169 4174 1328 4252 inretitos,

203 4278 371 4357 quomodo
391 4279 573 4359 baptismum,
596 4283 647 4362 qui
675 4278 699 4318 ¹⁰
711 4282 797 4344 oiicrt
818 4289 1007 4362 pcccatorum
1028 4280 1243 4356 remissionem,
1268 4297 1328 4340 non

200 4382 258 4442 sint
277 4384 439 4462 recepturi,
463 4384 517 4445 sed
541 4386 628 4447 stium
649 4388 704 4448 sibi
731 4385 754 4423 ¹¹
769 4387 908 4465 paraturi.
948 4385 1023 4447 Dicit
1046 4386 1145 4464 itaque
1166 4382 1328 4463 prophete:

201 4496 259 4547 dom
286 4507 327 4550 cst
356 4516 370 4551 u
400 4498 581 4565 deperiitque„
612 4508 754 4573 imperare,
819 4506 846 4555 ii
853 4511 863 4567 t
882 4504 938 4555 n'on
947 4519 1079 4554 necessum
1089 4518 1146 4553 csso
1156 4510 1226 4569 puto,
1237 4510 1262 4552 ut
1273 4516 1328 4551 cunr

199 4588 362 4651 W‘t'mss·
782 4590 870 4642 Vossio
890 4600 915 4642 ct
928 4589 1009 4642 t'otoi.
1028 4604 1180 4656 reponemus
1198 4582 1330 4648 οἰκονομή-

233 4671 263 4731 8)
283 4676 365 4726 utem.
385 4677 459 4729 Aine.
478 4674 590 4745 Psodsg.
609 4674 625 4726 1.
646 4692 669 4727 c.
781 4694 859 4737 ἥρως
879 4693 935 4728 mm
957 4678 989 4739 “r‘’
1015 4672 1155 4733 oixodopeir
1174 4673 1331 4724 imprimas

233 4756 263 4819 9)
281 4758 300 4810 ¹·
320 4775 343 4809 θ·
363 4764 486 4817 Mmt-
780 4763 821 4815 rei
830 4766 944 4832 [oriendi
956 4765 995 4813 vis
1008 4762 1091 4811 inesse
1102 4766 1195 4827 potest,
1209 4756 1282 4806 ducis
1296 4755 1328 4808 sb

219 4842 263 4908 ¹⁰)
282 4845 403 4912 Eiapcpor
420 4846 515 4911 dumo,
540 4854 662 4906 Mersus.
699 4848 750 4902 cn.
779 4847 1082 4915 dediticiis-metopium.
1121 4851 1211 4896 Dius.
1248 4841 1328 4892 intei-

201 4945 265 4996 quso
283 4932 315 4982 sd
334 4932 402 4985 hunc
414 4934 497 4987 iocum
511 4939 608 4989 monuit
620 4941 749 5001 Frenetes,
779 4937 831 5003 tigit
851 4935 979 4987 Bernsims
997 4932 1086 4984 crebre
1111 4940 1136 4980 et
1155 4928 1327 4995 superstitious

201 5013 216 5067 ¹·
235 5032 257 5067 ⁰·
276 5034 301 5084 Ρ·
320 5020 412 5090 87η·
777 5022 931 5073 iudaeorum
951 5019 1110 5085 bsptismuts.
1146 5018 1266 5071 Μεωο.
