3067 6450
515 1157 695 1213 ΒΑΒΝΑΒΑΕ
715 1159 880 1215 ΒΡ18Το1Α.
909 1160 950 1215 ΠΙ.
969 1161 1011 1216 IV.
1084 1180 1088 1187 ¹
1306 1171 1326 1232 5

199 1319 288 1383 tolce
311 1337 429 1381 omnem
452 1319 568 1381 nodum
598 1320 790 1397 injustitiae,
827 1316 881 1381 'el
908 1340 1025 1381 omnem
1058 1322 1326 1401 eonsipnationem

200 1423 342 1502 iniquam
365 1423 433 1484 dele
440 1444 452 1496 ;
474 1425 596 1485 resolee
618 1421 842 1502 suffocationes
865 1421 1099 1505 ²impotentium
1122 1428 1325 1489 commercio·

199 1546 279 1601 nm,
303 1527 419 1587 dimitte
443 1535 611 1606 pitassntos
633 1528 666 1589 in
690 1527 913 1604 remissionem,
937 1536 967 1588 et
988 1548 1106 1590 omnem
1125 1527 1327 1591 ³cautionem

198 1631 368 1710 malianum
390 1632 520 1711 dissipo.
566 1632 689 1711 Franpe
713 1632 865 1693 esurienti
885 1651 999 1709 panem
1022 1639 1122 1707 tuunn,
1154 1643 1183 1693 et
1214 1653 1327 1713 apenos

199 1735 270 1796 sine
293 1742 371 1797 teoto
395 1736 546 1797 inducia
570 1737 690 1796 domum
714 1744 806 1797 tuam.
850 1735 926 1796 Cum
947 1736 1063 1797 rideris
1086 1737 1212 1813 nudum,
1236 1738 1325 1815 nesti,

200 1846 231 1900 et
254 1839 440 1901 domesticos
462 1841 589 1902 seminis
612 1841 656 1901 tui
679 1860 741 1901 non
764 1840 929 1916 despicies.
972 1839 1057 1900 Tunc
1072 1850 1207 1920 erumpet
1225 1840 1326 1903 *tem-

197 1961 375 2022 poraneum
398 1944 499 2005 lumen
521 1952 617 2018 tuum,
642 1951 672 2004 et
695 1940 900 2004 ⁵cestirnenta
925 1950 978 2003 tuo
1001 1943 1062 2004 eito
1086 1938 1275 2016 ⁶oriuntur;
1298 1954 1327 2005 et

197 2045 338 2126 praeibit
359 2054 431 2107 ante
454 2054 482 2106 te
498 2047 639 2124 justitio,
663 2055 692 2107 et
715 2047 845 2107 alteritas
861 2047 921 2107 Dei
941 2046 1148 2108 cirarmdabit
1167 2055 1204 2108 te.
1243 2046 1328 2107 Tune

201 2149 380 2224 exclamas,
412 2149 549 2210 ellicus
578 2150 727 2210 intrudis!
754 2158 782 2212 te
789 2170 801 2222 ,·
831 2171 899 2213 cum
922 2152 1025 2212 adbuc
1047 2152 1201 2230 loqueris,
1231 2149 1327 2212 diost:

201 2273 274 2315 ecee
296 2255 414 2329 adsum,
439 2255 467 2315 si
491 2252 657 2314 abstuleris
678 2273 699 2315 a
722 2264 750 2315 te
774 2255 885 2317 nodum
908 2263 938 2315 et
962 2250 1146 2316 'suadelam
1163 2255 1327 2329 malorum,

201 2367 232 2421 et
246 2358 373 2419 verbum
386 2359 655 2434 murmurationis,
678 2368 706 2419 et
722 2358 847 2421 dederis
863 2359 1014 2419 esurienti
1028 2377 1141 2438 panem
1156 2378 1197 2418 ea
1213 2358 1327 2419 animo.

201 2463 235 2527 ln
259 2462 317 2524 hoe
339 2480 425 2544 ergo,
450 2461 565 2540 iratres,
590 2461 751 2542 providens
776 2468 874 2524 estet
897 2463 1067 2524 misericors
1091 2461 1181 2538 Deus,
1205 2463 1272 2542 quia
1297 2461 1326 2521 in

201 2566 387 2647 simplicitate
410 2567 577 2628 crediturus
601 2575 684 2630 esset
707 2566 852 2648 populns,
888 2585 976 2648 quern
1008 2567 1188 2646 comparauit
1217 2563 1326 2626 dilecto

201 2689 277 2749 suo,
308 2676 396 2750 atque
426 2676 494 2732 ante
526 2673 654 2733 ostendit
685 2672 822 2733 ninnibus
853 2671 957 2746 nobis,
987 2676 1018 2731 ut
1047 2687 1107 2730 non
1131 2669 1326 2745 incurramus,

201 2783 343 2856 tanquam
367 2775 523 2856 proselyti,
546 2774 582 2835 ad
606 2769 746 2838 ⁸iiloruni
771 2776 877 2858 legem.

196 2948 249 3011 lv.
296 2947 507 3010 Antichristus
531 2957 603 3009 ante
623 2956 754 3025 portas;
787 2968 861 3028 erpo
884 2947 1043 3028 lupianus
1066 2965 1190 3010 errores
1213 2944 1326 3006 ludoi-

501 3055 639 3113 uontium
661 3060 690 3112 et
712 3071 808 3130 opera
831 3053 1031 3114 molooniae.

293 3172 418 3254 Oportet
440 3192 517 3255 ergo
541 3175 579 3236 de
602 3169 672 3237 ⁹iiis
698 3175 802 3236 talibus
832 3173 952 3235 seruitum
983 3178 1150 3235 scrutantes
1183 3170 1326 3245 scribere,

204 3297 282 3359 quae
307 3274 400 3340 10ιιοε
425 3281 537 3358 possint
561 3297 677 3341 sanare.
717 3280 876 3362 Fugiamus
898 3279 933 3338 ab
951 3277 1029 3337 ouini
1046 3293 1139 3356 opere
1156 3274 1326 3351 iniquilatis,

204 3391 233 3444 st
257 3382 327 3445 odio
352 3382 510 3444 habeamus
536 3381 558 3419 ¹¹
571 3401 704 3445 errorem
722 3383 809 3463 hujus
825 3381 977 3461 temporis,
1000 3386 1032 3439 ut
1049 3377 1147 3438 futuro
1164 3376 1326 3456 diligamur.

241 3503 268 3566 1)
288 3506 323 3556 ur
346 3519 447 3555 omnem
473 3528 502 3538 -
528 3504 590 3554 dele.
636 3501 753 3568 Relegnri
781 3499 894 3568 proximi.
915 3525 945 3535 -
966 3494 1005 3547 ct.
1032 3495 1120 3546 librum
1146 3509 1244 3543 areum:
1272 3496 1328 3545 iias

203 3589 300 3642 debent
318 3592 365 3639 ista
384 3587 416 3638 ad
436 3588 586 3654 marginem
610 3596 667 3638 sunt
687 3590 753 3638 enirn
780 3587 988 3637 Scinderlireiben
1021 3586 1068 3635 dee
1099 3582 1219 3649 Apostoli
1252 3580 1327 3631 Ber-

203 3675 254 3729 aiis
280 3676 365 3725 versio
389 3673 522 3725 uerborum
546 3676 625 3720 πᾶσαν
649 3690 751 3739 suyppe·
782 3674 873 3721 nabar.
904 3665 1203 3738 roten9.1840.p.53.
1225 3692 1254 3703 -
1276 3663 1328 3714 irn-

203 3761 251 3830 φῆν
278 3759 361 3809 ἄδικον
392 3758 497 3810 baiana.
529 3776 593 3827 quae
623 3760 687 3810 inira
718 3761 754 3808 sic
782 3758 870 3822 peritia
885 3757 1036 3823 interpretis,
1055 3755 1075 3803 si
1089 3752 1213 3803 Clerieunr
1233 3749 1329 3813 audias,

204 3847 360 3900 redduntur:
379 3859 402 3901 et
421 3864 521 3899 omnem
540 3849 685 3899 cautionem
704 3853 753 3894 etc.
782 3841 877 3905 eliccit,
896 3850 922 3891 ut
941 3843 1091 3906 χειροτονίαν
1109 3846 1209 3906 putaret
1221 3850 1329 3903 compo·

205 3938 303 3986 Corsi.
782 3931 854 3979 sitarn
864 3944 920 3979 esse
930 3943 960 3979 ex
969 3930 1098 3992 pee'pur:
1107 3926 1230 3988 deterior,
1243 3923 1329 3991 pejor.
1381 3936 1387 3949 ⁶

241 4021 272 4084 2)
292 4018 311 4071 1.
331 4035 354 4071 e.
373 4019 549 4070 uiolentorum.
586 4022 707 4068 tiranno.
783 4013 844 4065 Turn
864 4016 938 4064 etiarn
957 4012 1066 4078 syllabas
1086 4012 1169 4059 eordan
1186 4023 1237 4059 nou
1255 4007 1330 4058 niodo

241 4105 273 4171 3)
291 4101 436 4171 lbpyanuir
454 4104 527 4156 Lxx.
783 4118 796 4150 a
818 4104 886 4148 edua·
900 4115 956 4151 esse
970 4097 1087 4160 eredidit,
1105 4096 1150 4148 sed
1164 4095 1268 4145 uerbum
1282 4094 1330 4144 hoe

241 4192 271 4256 4)
289 4190 404 4256 Πρώιζιιον
422 4191 503 4254 Lxx,
523 4192 539 4241 i.
553 4206 576 4240 e.
590 4193 755 4243 utatrctiuuni.
781 4173 960 4252 interpretatus
987 4192 1025 4234 est
1054 4185 1225 4243 euertendere,
1252 4180 1276 4229 b.
1306 4194 1329 4228 e.

206 4283 328 4331 bissina.
373 4276 481 4328 Sensus:
508 4281 583 4330 Turre
609 4279 756 4344 splendebit
785 4277 945 4326 reuenirenter
963 4273 1041 4331 celle,
1059 4271 1227 4336 persuadere.

206 4382 323 4419 aurorae
341 4367 442 4429 inetur,
470 4372 494 4415 et
519 4366 591 4415 breui
610 4366 756 4431 »erupuitieie
819 4361 847 4418 11)
867 4356 885 4407 l.
905 4373 929 4407 e.
949 4360 1122 4410 tietmarum.

207 4456 327 4506 uetitum
347 4452 501 4511 ornaberis,
526 4451 541 4498 i.
562 4465 586 4498 e.
603 4451 673 4517 selis
691 4450 755 4499 eris.
818 4448 848 4508 9)
869 4445 995 4495 itai-'oss
1021 4439 1248 4491 bls.iietuntibue.
1278 4438 1331 4489 Co-

242 4538 273 4605 5)
285 4534 382 4598 'iduare
395 4536 477 4600 Lxx,
491 4536 507 4585 i.
520 4551 543 4585 e.
557 4539 695 4596 sanitates,
710 4548 756 4600 pro
785 4532 875 4582 telesia
894 4528 991 4594 piacet:
1011 4530 1053 4579 liis
1073 4529 1242 4578 instantibus.
1280 4520 1331 4576 Cir.

207 4641 259 4695 quo
284 4624 385 4694 quidam
409 4623 528 4691 legerunt
553 4619 642 4684 ἱμάτια.
690 4624 755 4670 Mra.
786 4617 874 4668 librum
889 4612 1332 4665 meumtilesSendselureitendee

243 4711 318 4770 611..
341 4713 468 4763 orientur.
506 4710 604 4761 Ουτει,
788 4708 833 4772 tp.
855 4706 934 4754 ilarn.
955 4717 979 4766 p.
999 4700 1039 4750 51.
1061 4697 1117 4748 Not.
1141 4696 1161 4748 1.

245 4798 273 4861 7)
297 4796 370 4863 Apud
399 4795 460 4846 Lxx
484 4797 634 4859 preparandis
659 4792 758 4860 legitur,
824 4791 868 4857 10)
889 4788 931 4839 ils.
951 4804 1011 4839 non.

209 4884 225 4934 i.
244 4900 268 4933 e.
288 4888 423 4951 porrectio
448 4899 575 4933 nerianum
592 4895 638 4929 seu
658 4879 689 4928 ad
709 4877 757 4928 iai·
823 4878 867 4945 11)
886 4874 963 4925 Error
981 4870 1056 4935 hujus
1075 4868 1196 4935 temporis
1210 4875 1263 4918 est:
1278 4868 1333 4933 p'u-

209 4970 468 5032 substantionensis,
492 4983 537 5019 seu
562 4966 593 5018 sd
618 4967 758 5017 irrisionem
787 4967 905 5018 doluere.
