<?xml version="1.0" encoding="UTF-8"?>
<!DOCTYPE html PUBLIC "-//W3C//DTD XHTML 1.0 Transitional//EN"
    "http://www.w3.org/TR/xhtml1/DTD/xhtml1-transitional.dtd">
<html xmlns="http://www.w3.org/1999/xhtml" xml:lang="en" lang="en">
 <head>
  <title>
</title>
<meta http-equiv="Content-Type" content="text/html;charset=utf-8" />
  <meta name='ocr-system' content='tesseract 3.04.00' />
  <meta name='ocr-capabilities' content='ocr_page ocr_carea ocr_par ocr_line ocrx_word'/>
</head>
<body>
  <div class='ocr_page' id='page_1' title='image "./patrumapostolic01hefegoog_0526.png"; bbox 0 0 3067 6450; ppageno 0'>
   <div class='ocr_carea' id='block_1_1' title="bbox 285 1170 1200 1245">
    <p class='ocr_par' dir='ltr' id='par_1_1' title="bbox 285 1170 1200 1245">
     <span class='ocr_line' id='line_1_1' title="bbox 285 1170 1200 1245; baseline -0.005 -16"><span class='ocrx_word' id='word_1_1' title='bbox 285 1180 351 1245; x_wconf 77' lang='lat'>384</span> <span class='ocrx_word' id='word_1_2' title='bbox 501 1172 638 1228; x_wconf 70' lang='lat' dir='ltr'>llsslilllll</span> <span class='ocrx_word' id='word_1_3' title='bbox 657 1171 792 1227; x_wconf 77' lang='lat' dir='ltr'><strong>PASTOR.</strong></span> <span class='ocrx_word' id='word_1_4' title='bbox 829 1170 927 1225; x_wconf 70' lang='lat' dir='ltr'>trosti</span> <span class='ocrx_word' id='word_1_5' title='bbox 944 1171 987 1225; x_wconf 73' lang='lat' dir='ltr'>lll.</span> <span class='ocrx_word' id='word_1_6' title='bbox 1023 1171 1200 1226; x_wconf 67' lang='lat' dir='ltr'>stitture.</span> 
     </span>
    </p>
   </div>
   <div class='ocr_carea' id='block_1_2' title="bbox 168 1324 1412 2049">
    <p class='ocr_par' dir='ltr' id='par_1_2' title="bbox 168 1324 1412 2049">
     <span class='ocr_line' id='line_1_2' title="bbox 168 1324 1407 1421; baseline -0.007 -19"><span class='ocrx_word' id='word_1_7' title='bbox 168 1324 172 1333; x_wconf 47' lang='lat'><strong><em>⁵</em></strong></span> <span class='ocrx_word' id='word_1_8' title='bbox 288 1355 456 1421; x_wconf 81' lang='lat' dir='ltr'><strong>„exponam</strong></span> <span class='ocrx_word' id='word_1_9' title='bbox 480 1336 540 1416; x_wconf 90' lang='lat' dir='ltr'>tibi,</span> <span class='ocrx_word' id='word_1_10' title='bbox 564 1352 771 1416; x_wconf 88' lang='lat' dir='ltr'>quaecumque</span> <span class='ocrx_word' id='word_1_11' title='bbox 795 1335 910 1397; x_wconf 91' lang='lat' dir='ltr'>locutus</span> <span class='ocrx_word' id='word_1_12' title='bbox 934 1334 1020 1397; x_wconf 86' lang='lat' dir='ltr'>tuero</span> <span class='ocrx_word' id='word_1_13' title='bbox 1044 1340 1152 1412; x_wconf 88' lang='lat' dir='ltr'>tecum,</span> <span class='ocrx_word' id='word_1_14' title='bbox 1176 1339 1229 1395; x_wconf 87' lang='lat' dir='ltr'>aut</span> <span class='ocrx_word' id='word_1_15' title='bbox 1252 1330 1407 1396; x_wconf 73' lang='lat' dir='ltr'>ostendero</span> 
     </span>
     <span class='ocr_line' id='line_1_3' title="bbox 285 1438 1409 1522; baseline -0.005 -16"><span class='ocrx_word' id='word_1_16' title='bbox 285 1445 347 1506; x_wconf 88' lang='lat' dir='ltr'>tibi.</span> <span class='ocrx_word' id='word_1_17' title='bbox 393 1441 529 1505; x_wconf 81' lang='lat' dir='ltr'>Mandata</span> <span class='ocrx_word' id='word_1_18' title='bbox 551 1441 669 1504; x_wconf 86' lang='lat' dir='ltr'><strong>Domini</strong></span> <span class='ocrx_word' id='word_1_19' title='bbox 693 1439 819 1519; x_wconf 89' lang='lat' dir='ltr'>custodi,</span> <span class='ocrx_word' id='word_1_20' title='bbox 844 1447 874 1502; x_wconf 92' lang='lat' dir='ltr'>et</span> <span class='ocrx_word' id='word_1_21' title='bbox 897 1443 957 1502; x_wconf 91' lang='lat' dir='ltr'>eris</span> <span class='ocrx_word' id='word_1_22' title='bbox 980 1439 1138 1522; x_wconf 75' lang='lat' dir='ltr'>probatur,</span> <span class='ocrx_word' id='word_1_23' title='bbox 1168 1445 1198 1500; x_wconf 90' lang='lat' dir='ltr'>et</span> <span class='ocrx_word' id='word_1_24' title='bbox 1221 1438 1364 1501; x_wconf 91' lang='lat' dir='ltr'>scriberis</span> <span class='ocrx_word' id='word_1_25' title='bbox 1384 1440 1409 1500; x_wconf 90' lang='lat' dir='ltr'>ir</span> 
     </span>
     <span class='ocr_line' id='line_1_4' title="bbox 286 1543 1410 1627; baseline -0.004 -17"><span class='ocrx_word' id='word_1_26' title='bbox 286 1565 412 1610; x_wconf 91' lang='lat' dir='ltr'>numero</span> <span class='ocrx_word' id='word_1_27' title='bbox 436 1564 551 1623; x_wconf 89' lang='lat' dir='ltr'>eorum,</span> <span class='ocrx_word' id='word_1_28' title='bbox 576 1544 820 1627; x_wconf 82' lang='lat' dir='ltr'>qui-custodiunt</span> <span class='ocrx_word' id='word_1_29' title='bbox 843 1543 979 1606; x_wconf 87' lang='lat' dir='ltr'>mandata</span> <span class='ocrx_word' id='word_1_30' title='bbox 1002 1547 1077 1627; x_wconf 87' lang='lat' dir='ltr'>ejus.</span> <span class='ocrx_word' id='word_1_31' title='bbox 1123 1543 1155 1607; x_wconf 93' lang='lat' dir='ltr'>Si</span> <span class='ocrx_word' id='word_1_32' title='bbox 1174 1551 1277 1606; x_wconf 88' lang='lat' dir='ltr'>autem</span> <span class='ocrx_word' id='word_1_33' title='bbox 1300 1549 1410 1626; x_wconf 86' lang='lat' dir='ltr'>praeter</span> 
     </span>
     <span class='ocr_line' id='line_1_5' title="bbox 287 1632 1412 1732; baseline -0.004 -18"><span class='ocrx_word' id='word_1_34' title='bbox 287 1632 340 1730; x_wconf 84' lang='lat' dir='ltr'>ea,</span> <span class='ocrx_word' id='word_1_35' title='bbox 365 1669 442 1731; x_wconf 84' lang='lat' dir='ltr'>quae</span> <span class='ocrx_word' id='word_1_36' title='bbox 465 1648 614 1713; x_wconf 88' lang='lat' dir='ltr'>mandavit</span> <span class='ocrx_word' id='word_1_37' title='bbox 637 1650 800 1728; x_wconf 88' lang='lat' dir='ltr'>Dominus,</span> <span class='ocrx_word' id='word_1_38' title='bbox 828 1647 961 1729; x_wconf 84' lang='lat' dir='ltr'>&#39;aliquid</span> <span class='ocrx_word' id='word_1_39' title='bbox 985 1648 1056 1712; x_wconf 89' lang='lat' dir='ltr'>boni</span> <span class='ocrx_word' id='word_1_40' title='bbox 1080 1648 1249 1732; x_wconf 89' lang='lat' dir='ltr'>adjeceris,</span> <span class='ocrx_word' id='word_1_41' title='bbox 1276 1651 1412 1732; x_wconf 89' lang='lat' dir='ltr'>majorem</span> 
     </span>
     <span class='ocr_line' id='line_1_6' title="bbox 287 1753 1411 1840; baseline -0.003 -21"><span class='ocrx_word' id='word_1_42' title='bbox 287 1757 459 1840; x_wconf 82' lang='lat' dir='ltr'>(lignitatem</span> <span class='ocrx_word' id='word_1_43' title='bbox 492 1756 544 1818; x_wconf 89' lang='lat' dir='ltr'>tibi</span> <span class='ocrx_word' id='word_1_44' title='bbox 575 1755 754 1836; x_wconf 83' lang='lat' dir='ltr'><strong>conquires,</strong></span> <span class='ocrx_word' id='word_1_45' title='bbox 787 1762 816 1817; x_wconf 89' lang='lat' dir='ltr'>et</span> <span class='ocrx_word' id='word_1_46' title='bbox 848 1753 1025 1817; x_wconf 90' lang='lat' dir='ltr'>honoratior</span> <span class='ocrx_word' id='word_1_47' title='bbox 1054 1753 1132 1835; x_wconf 90' lang='lat' dir='ltr'>apud</span> <span class='ocrx_word' id='word_1_48' title='bbox 1158 1753 1318 1817; x_wconf 87' lang='lat' dir='ltr'>Dominum</span> <span class='ocrx_word' id='word_1_49' title='bbox 1349 1754 1411 1830; x_wconf 87' lang='lat' dir='ltr'>eris,</span> 
     </span>
     <span class='ocr_line' id='line_1_7' title="bbox 287 1856 1412 1943; baseline -0.004 -21"><span class='ocrx_word' id='word_1_50' title='bbox 287 1880 374 1943; x_wconf 87' lang='lat' dir='ltr'>quam</span> <span class='ocrx_word' id='word_1_51' title='bbox 406 1879 473 1923; x_wconf 90' lang='lat' dir='ltr'>eras</span> <span class='ocrx_word' id='word_1_52' title='bbox 501 1859 628 1923; x_wconf 87' lang='lat' dir='ltr'>iuturus.</span> <span class='ocrx_word' id='word_1_53' title='bbox 673 1859 766 1942; x_wconf 78' lang='lat' dir='ltr'>Igitur</span> <span class='ocrx_word' id='word_1_54' title='bbox 797 1859 823 1920; x_wconf 90' lang='lat' dir='ltr'>si</span> <span class='ocrx_word' id='word_1_55' title='bbox 855 1857 1035 1921; x_wconf 90' lang='lat' dir='ltr'>custodieris</span> <span class='ocrx_word' id='word_1_56' title='bbox 1058 1856 1194 1920; x_wconf 86' lang='lat' dir='ltr'>mandata</span> <span class='ocrx_word' id='word_1_57' title='bbox 1219 1857 1358 1937; x_wconf 85' lang='lat' dir='ltr'>Domini,</span> <span class='ocrx_word' id='word_1_58' title='bbox 1386 1865 1412 1919; x_wconf 89' lang='lat' dir='ltr'>et</span> 
     </span>
     <span class='ocr_line' id='line_1_8' title="bbox 287 1961 1412 2049; baseline -0.003 -20"><span class='ocrx_word' id='word_1_59' title='bbox 287 1966 435 2049; x_wconf 86' lang='lat' dir='ltr'>adjeceris</span> <span class='ocrx_word' id='word_1_60' title='bbox 459 1966 547 2028; x_wconf 89' lang='lat' dir='ltr'>etiam</span> <span class='ocrx_word' id='word_1_61' title='bbox 570 1965 606 2027; x_wconf 88' lang='lat' dir='ltr'>ad</span> <span class='ocrx_word' id='word_1_62' title='bbox 630 1983 666 2027; x_wconf 88' lang='lat' dir='ltr'>ea</span> <span class='ocrx_word' id='word_1_63' title='bbox 688 1963 833 2027; x_wconf 87' lang='lat' dir='ltr'>stationes</span> <span class='ocrx_word' id='word_1_64' title='bbox 857 1963 927 2040; x_wconf 91' lang='lat' dir='ltr'>has,</span> <span class='ocrx_word' id='word_1_65' title='bbox 950 1961 1095 2044; x_wconf 81' lang='lat' dir='ltr'>gaudebis</span> <span class='ocrx_word' id='word_1_66' title='bbox 1103 1982 1113 2038; x_wconf 81' lang='lat'><em>3</em></span> <span class='ocrx_word' id='word_1_67' title='bbox 1142 1962 1293 2042; x_wconf 84' lang='lat' dir='ltr'>maxime,</span> <span class='ocrx_word' id='word_1_68' title='bbox 1316 1964 1342 2026; x_wconf 91' lang='lat' dir='ltr'>si</span> <span class='ocrx_word' id='word_1_69' title='bbox 1363 1980 1412 2026; x_wconf 89' lang='lat' dir='ltr'>se-</span> 
     </span>
    </p>
   </div>
   <div class='ocr_carea' id='block_1_3' title="bbox 169 2067 1412 2149">
    <p class='ocr_par' dir='ltr' id='par_1_3' title="bbox 169 2067 1412 2149">
     <span class='ocr_line' id='line_1_9' title="bbox 169 2067 1412 2149; baseline -0.005 -14"><span class='ocrx_word' id='word_1_70' title='bbox 169 2087 174 2097; x_wconf 91' lang='lat'>·</span> <span class='ocrx_word' id='word_1_71' title='bbox 288 2069 416 2134; x_wconf 89' lang='lat' dir='ltr'>eundum</span> <span class='ocrx_word' id='word_1_72' title='bbox 439 2069 607 2133; x_wconf 88' lang='lat' dir='ltr'>mandatum</span> <span class='ocrx_word' id='word_1_73' title='bbox 630 2088 727 2132; x_wconf 91' lang='lat' dir='ltr'>meum</span> <span class='ocrx_word' id='word_1_74' title='bbox 758 2067 930 2130; x_wconf 76' lang='lat' dir='ltr'>servaveris</span> <span class='ocrx_word' id='word_1_75' title='bbox 959 2067 1025 2130; x_wconf 86' lang='lat' dir='ltr'>ea.“</span> <span class='ocrx_word' id='word_1_76' title='bbox 1071 2067 1145 2130; x_wconf 85' lang='lat' dir='ltr'>[lico</span> <span class='ocrx_word' id='word_1_77' title='bbox 1175 2067 1220 2129; x_wconf 93' lang='lat' dir='ltr'>ei:</span> <span class='ocrx_word' id='word_1_78' title='bbox 1257 2067 1412 2149; x_wconf 80' lang='lat' dir='ltr'>„quidquid</span> 
     </span>
    </p>
   </div>
   <div class='ocr_carea' id='block_1_4' title="bbox 287 2171 1412 3732">
    <p class='ocr_par' dir='ltr' id='par_1_4' title="bbox 287 2171 1412 3732">
     <span class='ocr_line' id='line_1_10' title="bbox 288 2171 1411 2257; baseline -0.003 -20"><span class='ocrx_word' id='word_1_79' title='bbox 288 2176 359 2238; x_wconf 89' lang='lat' dir='ltr'>milri</span> <span class='ocrx_word' id='word_1_80' title='bbox 377 2177 579 2257; x_wconf 82' lang='lat' dir='ltr'>praeceperis,</span> <span class='ocrx_word' id='word_1_81' title='bbox 597 2172 725 2253; x_wconf 87' lang='lat' dir='ltr'>domine,</span> <span class='ocrx_word' id='word_1_82' title='bbox 742 2171 888 2248; x_wconf 88' lang='lat' dir='ltr'>servabo;</span> <span class='ocrx_word' id='word_1_83' title='bbox 904 2172 968 2234; x_wconf 91' lang='lat' dir='ltr'>scio</span> <span class='ocrx_word' id='word_1_84' title='bbox 985 2171 1062 2234; x_wconf 91' lang='lat' dir='ltr'>enim</span> <span class='ocrx_word' id='word_1_85' title='bbox 1079 2177 1108 2234; x_wconf 91' lang='lat' dir='ltr'>te</span> <span class='ocrx_word' id='word_1_86' title='bbox 1123 2191 1242 2237; x_wconf 88' lang='lat' dir='ltr'>mecum</span> <span class='ocrx_word' id='word_1_87' title='bbox 1258 2172 1411 2235; x_wconf 85' lang='lat' dir='ltr'>tuturum.“</span> 
     </span>
     <span class='ocr_line' id='line_1_11' title="bbox 290 2276 1411 2361; baseline -0.004 -19"><span class='ocrx_word' id='word_1_88' title='bbox 290 2279 402 2359; x_wconf 84' lang='lat' dir='ltr'>,Ero,“</span> <span class='ocrx_word' id='word_1_89' title='bbox 427 2281 530 2361; x_wconf 87' lang='lat' dir='ltr'>inquit,</span> <span class='ocrx_word' id='word_1_90' title='bbox 555 2288 682 2359; x_wconf 73' lang='lat' dir='ltr'>„tecum</span> <span class='ocrx_word' id='word_1_91' title='bbox 706 2278 756 2359; x_wconf 88' lang='lat' dir='ltr'>qui</span> <span class='ocrx_word' id='word_1_92' title='bbox 781 2277 839 2340; x_wconf 88' lang='lat' dir='ltr'>talc</span> <span class='ocrx_word' id='word_1_93' title='bbox 862 2277 1048 2359; x_wconf 89' lang='lat' dir='ltr'>propositum</span> <span class='ocrx_word' id='word_1_94' title='bbox 1065 2276 1173 2340; x_wconf 78' lang='lat' dir='ltr'>nabes.</span> <span class='ocrx_word' id='word_1_95' title='bbox 1217 2277 1278 2342; x_wconf 88' lang='lat' dir='ltr'>Sed</span> <span class='ocrx_word' id='word_1_96' title='bbox 1302 2283 1411 2340; x_wconf 85' lang='lat' dir='ltr'>etcum</span> 
     </span>
     <span class='ocr_line' id='line_1_12' title="bbox 289 2381 1411 2468; baseline -0.007 -18"><span class='ocrx_word' id='word_1_97' title='bbox 289 2387 427 2450; x_wconf 83' lang='lat' dir='ltr'>omnibus</span> <span class='ocrx_word' id='word_1_98' title='bbox 451 2405 515 2466; x_wconf 90' lang='lat' dir='ltr'>ero,</span> <span class='ocrx_word' id='word_1_99' title='bbox 539 2387 717 2468; x_wconf 82' lang='lat' dir='ltr'>quicumque</span> <span class='ocrx_word' id='word_1_100' title='bbox 741 2383 819 2447; x_wconf 90' lang='lat' dir='ltr'>idem</span> <span class='ocrx_word' id='word_1_101' title='bbox 843 2384 1027 2465; x_wconf 88' lang='lat' dir='ltr'>propositum</span> <span class='ocrx_word' id='word_1_102' title='bbox 1055 2382 1223 2445; x_wconf 78' lang='lat' dir='ltr'>habuerint.</span> <span class='ocrx_word' id='word_1_103' title='bbox 1269 2381 1411 2465; x_wconf 83' lang='lat' dir='ltr'>Jejunium</span> 
     </span>
     <span class='ocr_line' id='line_1_13' title="bbox 289 2485 1411 2571; baseline -0.007 -18"><span class='ocrx_word' id='word_1_104' title='bbox 289 2491 358 2570; x_wconf 89' lang='lat' dir='ltr'>troc,</span> <span class='ocrx_word' id='word_1_105' title='bbox 382 2491 490 2571; x_wconf 85' lang='lat' dir='ltr'>inquit,</span> <span class='ocrx_word' id='word_1_106' title='bbox 514 2491 669 2555; x_wconf 90' lang='lat' dir='ltr'>custoditis</span> <span class='ocrx_word' id='word_1_107' title='bbox 692 2487 837 2551; x_wconf 89' lang='lat' dir='ltr'>mandatis</span> <span class='ocrx_word' id='word_1_108' title='bbox 861 2487 996 2567; x_wconf 87' lang='lat' dir='ltr'>Domini,</span> <span class='ocrx_word' id='word_1_109' title='bbox 1023 2486 1110 2549; x_wconf 82' lang='lat' dir='ltr'>valde</span> <span class='ocrx_word' id='word_1_110' title='bbox 1132 2487 1248 2550; x_wconf 92' lang='lat' dir='ltr'>bonum</span> <span class='ocrx_word' id='word_1_111' title='bbox 1270 2493 1326 2549; x_wconf 89' lang='lat' dir='ltr'>est.</span> <span class='ocrx_word' id='word_1_112' title='bbox 1370 2485 1411 2549; x_wconf 89' lang='lat' dir='ltr'>Sic</span> 
     </span>
     <span class='ocr_line' id='line_1_14' title="bbox 289 2596 640 2680; baseline 0.003 -23"><span class='ocrx_word' id='word_1_113' title='bbox 289 2596 380 2680; x_wconf 83' lang='lat' dir='ltr'>igitur</span> <span class='ocrx_word' id='word_1_114' title='bbox 402 2597 538 2660; x_wconf 84' lang='lat' dir='ltr'>servabis</span> <span class='ocrx_word' id='word_1_115' title='bbox 561 2596 640 2660; x_wconf 88' lang='lat' dir='ltr'>illud.</span> 
     </span>
     <span class='ocr_line' id='line_1_15' title="bbox 333 2690 1411 2787; baseline -0.003 -27"><span class='ocrx_word' id='word_1_116' title='bbox 333 2699 498 2787; x_wconf 57' lang='grc' dir='ltr'>πΠροῖτον</span> <span class='ocrx_word' id='word_1_117' title='bbox 535 2690 664 2764; x_wconf 75' lang='grc' dir='ltr'><em>πάντων</em></span> <span class='ocrx_word' id='word_1_118' title='bbox 700 2691 854 2786; x_wconf 81' lang='grc' dir='ltr'><em>φύλαξαι·</em></span> <span class='ocrx_word' id='word_1_119' title='bbox 867 2696 880 2734; x_wconf 75' lang='lat'><strong>²</strong></span> <span class='ocrx_word' id='word_1_120' title='bbox 892 2698 1016 2763; x_wconf 88' lang='lat' dir='ltr'>Primum</span> <span class='ocrx_word' id='word_1_121' title='bbox 1038 2700 1168 2762; x_wconf 91' lang='lat' dir='ltr'>omnium</span> <span class='ocrx_word' id='word_1_122' title='bbox 1187 2717 1267 2761; x_wconf 88' lang='lat' dir='ltr'>cave</span> <span class='ocrx_word' id='word_1_123' title='bbox 1287 2699 1324 2760; x_wconf 87' lang='lat' dir='ltr'>ab</span> <span class='ocrx_word' id='word_1_124' title='bbox 1340 2698 1411 2760; x_wconf 90' lang='lat' dir='ltr'>omni</span> 
     </span>
     <span class='ocr_line' id='line_1_16' title="bbox 288 2795 1411 2891; baseline -0.002 -26"><span class='ocrx_word' id='word_1_125' title='bbox 288 2798 445 2888; x_wconf 73' lang='grc' dir='ltr'><strong><em>νηστεύειν</em></strong></span> <span class='ocrx_word' id='word_1_126' title='bbox 467 2795 536 2870; x_wconf 80' lang='grc' dir='ltr'><em>α’πδ</em></span> <span class='ocrx_word' id='word_1_127' title='bbox 559 2796 679 2878; x_wconf 70' lang='grc' dir='ltr'><em>παντὸς</em></span> <span class='ocrx_word' id='word_1_128' title='bbox 700 2801 842 2891; x_wconf 76' lang='grc' dir='ltr'><em>ῥήματος</em></span> <span class='ocrx_word' id='word_1_129' title='bbox 867 2805 979 2885; x_wconf 88' lang='lat' dir='ltr'>probro</span> <span class='ocrx_word' id='word_1_130' title='bbox 1010 2811 1040 2868; x_wconf 91' lang='lat' dir='ltr'>et</span> <span class='ocrx_word' id='word_1_131' title='bbox 1069 2805 1146 2887; x_wconf 92' lang='lat' dir='ltr'>turpi</span> <span class='ocrx_word' id='word_1_132' title='bbox 1177 2805 1293 2883; x_wconf 89' lang='lat' dir='ltr'>verbo,</span> <span class='ocrx_word' id='word_1_133' title='bbox 1325 2809 1354 2865; x_wconf 88' lang='lat' dir='ltr'>et</span> <span class='ocrx_word' id='word_1_134' title='bbox 1381 2802 1411 2864; x_wconf 83' lang='lat' dir='ltr'>ab</span> 
     </span>
     <span class='ocr_line' id='line_1_17' title="bbox 290 2905 1411 2996; baseline -0.001 -26"><span class='ocrx_word' id='word_1_135' title='bbox 290 2909 429 2996; x_wconf 65' lang='grc' dir='ltr'><em>πονηροῦ</em></span> <span class='ocrx_word' id='word_1_136' title='bbox 464 2907 518 2973; x_wconf 83' lang='grc' dir='ltr'>καὶ</span> <span class='ocrx_word' id='word_1_137' title='bbox 551 2905 644 2996; x_wconf 80' lang='grc' dir='ltr'><em>ἀκοῆς</em></span> <span class='ocrx_word' id='word_1_138' title='bbox 679 2908 851 2996; x_wconf 60' lang='grc' dir='ltr'>πονηρᾶς,</span> <span class='ocrx_word' id='word_1_139' title='bbox 868 2911 947 2974; x_wconf 89' lang='lat' dir='ltr'>omni</span> <span class='ocrx_word' id='word_1_140' title='bbox 970 2909 1061 2974; x_wconf 89' lang='lat' dir='ltr'>noxia</span> <span class='ocrx_word' id='word_1_141' title='bbox 1083 2908 1258 2990; x_wconf 84' lang='lat' dir='ltr'>cupiditate,</span> <span class='ocrx_word' id='word_1_142' title='bbox 1281 2915 1311 2971; x_wconf 92' lang='lat' dir='ltr'>et</span> <span class='ocrx_word' id='word_1_143' title='bbox 1335 2908 1411 2990; x_wconf 91' lang='lat' dir='ltr'>puri-</span> 
     </span>
     <span class='ocr_line' id='line_1_18' title="bbox 290 3004 1411 3101; baseline -0.003 -24"><span class='ocrx_word' id='word_1_144' title='bbox 290 3013 343 3078; x_wconf 83' lang='lat' dir='ltr'>aol</span> <span class='ocrx_word' id='word_1_145' title='bbox 364 3004 544 3100; x_wconf 75' lang='grc' dir='ltr'><em>καθάρισόν</em></span> <span class='ocrx_word' id='word_1_146' title='bbox 566 3034 626 3080; x_wconf 89' lang='grc' dir='ltr'>σου</span> <span class='ocrx_word' id='word_1_147' title='bbox 640 3008 696 3100; x_wconf 74' lang='grc' dir='ltr'><em>τήν</em></span> <span class='ocrx_word' id='word_1_148' title='bbox 710 3010 842 3101; x_wconf 77' lang='grc' dir='ltr'><em>καρδίαν</em></span> <span class='ocrx_word' id='word_1_149' title='bbox 868 3016 922 3078; x_wconf 88' lang='lat' dir='ltr'>tica</span> <span class='ocrx_word' id='word_1_150' title='bbox 942 3034 1063 3079; x_wconf 90' lang='lat' dir='ltr'>sonsum</span> <span class='ocrx_word' id='word_1_151' title='bbox 1083 3021 1163 3078; x_wconf 89' lang='lat' dir='ltr'>tuom</span> <span class='ocrx_word' id='word_1_152' title='bbox 1179 3015 1217 3076; x_wconf 84' lang='lat' dir='ltr'>alr</span> <span class='ocrx_word' id='word_1_153' title='bbox 1235 3015 1317 3078; x_wconf 92' lang='lat' dir='ltr'>omni</span> <span class='ocrx_word' id='word_1_154' title='bbox 1333 3014 1411 3076; x_wconf 85' lang='lat' dir='ltr'>rani-</span> 
     </span>
     <span class='ocr_line' id='line_1_19' title="bbox 290 3110 1411 3204; baseline -0.004 -20"><span class='ocrx_word' id='word_1_155' title='bbox 290 3110 360 3184; x_wconf 83' lang='grc' dir='ltr'><em>οἶπδ</em></span> <span class='ocrx_word' id='word_1_156' title='bbox 375 3116 494 3194; x_wconf 79' lang='grc' dir='ltr'><em>παντὸς</em></span> <span class='ocrx_word' id='word_1_157' title='bbox 509 3119 685 3203; x_wconf 76' lang='grc' dir='ltr'><strong><em>μολυσμοῦ,</em></strong></span> <span class='ocrx_word' id='word_1_158' title='bbox 700 3116 752 3184; x_wconf 84' lang='grc' dir='ltr'>καί</span> <span class='ocrx_word' id='word_1_159' title='bbox 767 3142 841 3204; x_wconf 75' lang='grc' dir='ltr'>μνη-</span> <span class='ocrx_word' id='word_1_160' title='bbox 868 3128 927 3184; x_wconf 89' lang='lat' dir='ltr'>tate</span> <span class='ocrx_word' id='word_1_161' title='bbox 939 3121 1033 3185; x_wconf 88' lang='lat' dir='ltr'>seculi</span> <span class='ocrx_word' id='word_1_162' title='bbox 1045 3121 1142 3203; x_wconf 90' lang='lat' dir='ltr'>hujus.</span> <span class='ocrx_word' id='word_1_163' title='bbox 1173 3120 1205 3184; x_wconf 92' lang='lat' dir='ltr'>Si</span> <span class='ocrx_word' id='word_1_164' title='bbox 1222 3120 1299 3182; x_wconf 89' lang='lat' dir='ltr'>haec</span> <span class='ocrx_word' id='word_1_165' title='bbox 1314 3124 1411 3181; x_wconf 87' lang='lat' dir='ltr'>custo-</span> 
     </span>
     <span class='ocr_line' id='line_1_20' title="bbox 290 3220 1411 3313; baseline -0.004 -26"><span class='ocrx_word' id='word_1_166' title='bbox 290 3220 440 3304; x_wconf 85' lang='grc' dir='ltr'><em>σικακίας,</em></span> <span class='ocrx_word' id='word_1_167' title='bbox 462 3222 512 3290; x_wconf 82' lang='grc' dir='ltr'>καί</span> <span class='ocrx_word' id='word_1_168' title='bbox 536 3221 784 3313; x_wconf 80' lang='grc' dir='ltr'><em>αἰσχροκερδίας.</em></span> <span class='ocrx_word' id='word_1_169' title='bbox 868 3229 969 3307; x_wconf 86' lang='lat' dir='ltr'>dieris,</span> <span class='ocrx_word' id='word_1_170' title='bbox 992 3228 1049 3291; x_wconf 91' lang='lat' dir='ltr'>erit</span> <span class='ocrx_word' id='word_1_171' title='bbox 1067 3227 1125 3289; x_wconf 90' lang='lat' dir='ltr'>hoo</span> <span class='ocrx_word' id='word_1_172' title='bbox 1136 3227 1289 3310; x_wconf 77' lang='lat' dir='ltr'>jeiunium</span> <span class='ocrx_word' id='word_1_173' title='bbox 1301 3227 1411 3308; x_wconf 89' lang='lat' dir='ltr'>justum.</span> 
     </span>
     <span class='ocr_line' id='line_1_21' title="bbox 868 3331 1412 3415; baseline -0.013 -18"><span class='ocrx_word' id='word_1_174' title='bbox 868 3334 916 3398; x_wconf 91' lang='lat' dir='ltr'>Sic</span> <span class='ocrx_word' id='word_1_175' title='bbox 941 3351 1017 3415; x_wconf 78' lang='lat' dir='ltr'>ergo</span> <span class='ocrx_word' id='word_1_176' title='bbox 1041 3331 1142 3395; x_wconf 88' lang='lat' dir='ltr'>iacies.</span> <span class='ocrx_word' id='word_1_177' title='bbox 1175 3332 1321 3411; x_wconf 85' lang='lat' dir='ltr'>Peractis,</span> <span class='ocrx_word' id='word_1_178' title='bbox 1345 3346 1412 3410; x_wconf 86' lang='lat' dir='ltr'>quac</span> 
     </span>
     <span class='ocr_line' id='line_1_22' title="bbox 332 3425 1412 3523; baseline 0.001 -28"><span class='ocrx_word' id='word_1_179' title='bbox 332 3433 401 3498; x_wconf 84' lang='grc' dir='ltr'>Καὶ</span> <span class='ocrx_word' id='word_1_180' title='bbox 424 3433 455 3501; x_wconf 80' lang='grc' dir='ltr'>ἐν</span> <span class='ocrx_word' id='word_1_181' title='bbox 477 3426 598 3523; x_wconf 77' lang='grc' dir='ltr'><em>ἡμέρα,</em></span> <span class='ocrx_word' id='word_1_182' title='bbox 627 3425 648 3521; x_wconf 81' lang='grc' dir='ltr'><strong><em>ᾖ</em></strong></span> <span class='ocrx_word' id='word_1_183' title='bbox 676 3433 842 3521; x_wconf 70' lang='grc' dir='ltr'><em>νηστείαις,</em></span> <span class='ocrx_word' id='word_1_184' title='bbox 868 3438 1085 3521; x_wconf 87' lang='lat' dir='ltr'>suprascripta</span> <span class='ocrx_word' id='word_1_185' title='bbox 1105 3442 1183 3515; x_wconf 91' lang='lat' dir='ltr'>suut,</span> <span class='ocrx_word' id='word_1_186' title='bbox 1208 3436 1262 3499; x_wconf 92' lang='lat' dir='ltr'>illo</span> <span class='ocrx_word' id='word_1_187' title='bbox 1280 3435 1340 3514; x_wconf 88' lang='lat' dir='ltr'>die,</span> <span class='ocrx_word' id='word_1_188' title='bbox 1362 3453 1412 3515; x_wconf 86' lang='lat' dir='ltr'>quo</span> 
     </span>
     <span class='ocr_line' id='line_1_23' title="bbox 287 3531 1411 3628; baseline -0.003 -24"><span class='ocrx_word' id='word_1_189' title='bbox 287 3531 466 3627; x_wconf 75' lang='lat' dir='ltr'>‹ipxe&#39;ottprc</span> <span class='ocrx_word' id='word_1_190' title='bbox 489 3537 598 3627; x_wconf 75' lang='grc' dir='ltr'>3ἄρτῳ</span> <span class='ocrx_word' id='word_1_191' title='bbox 620 3537 673 3605; x_wconf 84' lang='grc' dir='ltr'>καί</span> <span class='ocrx_word' id='word_1_192' title='bbox 694 3534 843 3621; x_wconf 77' lang='grc' dir='ltr'>λαχάνοις</span> <span class='ocrx_word' id='word_1_193' title='bbox 864 3542 1025 3628; x_wconf 78' lang='lat' dir='ltr'>jejunabis,</span> <span class='ocrx_word' id='word_1_194' title='bbox 1048 3542 1119 3605; x_wconf 88' lang='lat' dir='ltr'>nitrit</span> <span class='ocrx_word' id='word_1_195' title='bbox 1142 3538 1293 3605; x_wconf 83' lang='lat' dir='ltr'>³omnino</span> <span class='ocrx_word' id='word_1_196' title='bbox 1314 3546 1411 3623; x_wconf 76' lang='lat' dir='ltr'>gusu-</span> 
     </span>
     <span class='ocr_line' id='line_1_24' title="bbox 288 3636 1411 3732; baseline 0 -25"><span class='ocrx_word' id='word_1_197' title='bbox 288 3641 341 3708; x_wconf 86' lang='grc' dir='ltr'>καί</span> <span class='ocrx_word' id='word_1_198' title='bbox 356 3637 458 3722; x_wconf 76' lang='grc' dir='ltr'><em>ὕδατι,</em></span> <span class='ocrx_word' id='word_1_199' title='bbox 480 3636 672 3732; x_wconf 76' lang='grc' dir='ltr'><em>εὐχαριστῶν</em></span> <span class='ocrx_word' id='word_1_200' title='bbox 689 3645 735 3728; x_wconf 75' lang='grc' dir='ltr'><em>τῷ</em></span> <span class='ocrx_word' id='word_1_201' title='bbox 753 3644 841 3728; x_wconf 75' lang='grc' dir='ltr'><em>Θεῷ·</em></span> <span class='ocrx_word' id='word_1_202' title='bbox 868 3649 922 3727; x_wconf 90' lang='lat' dir='ltr'>bis,</span> <span class='ocrx_word' id='word_1_203' title='bbox 948 3648 1004 3711; x_wconf 88' lang='lat' dir='ltr'>nisi</span> <span class='ocrx_word' id='word_1_204' title='bbox 1027 3664 1134 3729; x_wconf 84' lang='lat' dir='ltr'>panem</span> <span class='ocrx_word' id='word_1_205' title='bbox 1158 3653 1189 3709; x_wconf 91' lang='lat' dir='ltr'>et</span> <span class='ocrx_word' id='word_1_206' title='bbox 1211 3665 1339 3728; x_wconf 85' lang='lat' dir='ltr'>aquam;</span> <span class='ocrx_word' id='word_1_207' title='bbox 1363 3644 1411 3707; x_wconf 71' lang='lat' dir='ltr'>‘ct</span> 
     </span>
    </p>
   </div>
   <div class='ocr_carea' id='block_1_5' title="bbox 287 3739 1410 4360">
    <p class='ocr_par' dir='ltr' id='par_1_5' title="bbox 287 3739 1410 4360">
     <span class='ocr_line' id='line_1_25' title="bbox 289 3739 1410 3836; baseline 0 -23"><span class='ocrx_word' id='word_1_208' title='bbox 289 3746 531 3836; x_wconf 66' lang='grc' dir='ltr'><em>*συμψηφίσας</em></span> <span class='ocrx_word' id='word_1_209' title='bbox 553 3746 588 3813; x_wconf 85' lang='grc' dir='ltr'>δὲ</span> <span class='ocrx_word' id='word_1_210' title='bbox 603 3744 659 3835; x_wconf 67' lang='grc' dir='ltr'>τήν</span> <span class='ocrx_word' id='word_1_211' title='bbox 677 3739 843 3835; x_wconf 70' lang='grc' dir='ltr'><em>ποσότητα</em></span> <span class='ocrx_word' id='word_1_212' title='bbox 868 3758 1035 3834; x_wconf 89' lang='lat' dir='ltr'>computata</span> <span class='ocrx_word' id='word_1_213' title='bbox 1057 3752 1221 3831; x_wconf 86' lang='lat' dir='ltr'>quantitate</span> <span class='ocrx_word' id='word_1_214' title='bbox 1241 3754 1311 3831; x_wconf 90' lang='lat' dir='ltr'>cibi,</span> <span class='ocrx_word' id='word_1_215' title='bbox 1336 3770 1410 3834; x_wconf 83' lang='lat' dir='ltr'>queo</span> 
     </span>
     <span class='ocr_line' id='line_1_26' title="bbox 287 3844 1409 3978; baseline 0.004 -61"><span class='ocrx_word' id='word_1_216' title='bbox 287 3854 343 3940; x_wconf 78' lang='grc' dir='ltr'><em>τῆς</em></span> <span class='ocrx_word' id='word_1_217' title='bbox 366 3845 511 3938; x_wconf 76' lang='grc' dir='ltr'><em>δαπάνης</em></span> <span class='ocrx_word' id='word_1_218' title='bbox 532 3860 594 3918; x_wconf 86' lang='grc' dir='ltr'><em>τοῦ</em></span> <span class='ocrx_word' id='word_1_219' title='bbox 622 3846 770 3978; x_wconf 72' lang='lat' dir='ltr'>oipt&#39;prop,</span> <span class='ocrx_word' id='word_1_220' title='bbox 801 3844 843 3919; x_wconf 81' lang='grc' dir='ltr'>οὗ</span> <span class='ocrx_word' id='word_1_221' title='bbox 868 3859 977 3921; x_wconf 91' lang='lat' dir='ltr'>ceteris</span> <span class='ocrx_word' id='word_1_222' title='bbox 1000 3854 1104 3918; x_wconf 90' lang='lat' dir='ltr'>diebus</span> <span class='ocrx_word' id='word_1_223' title='bbox 1126 3864 1322 3922; x_wconf 69' lang='lat' dir='ltr'>comesturus</span> <span class='ocrx_word' id='word_1_224' title='bbox 1345 3876 1409 3933; x_wconf 78' lang='lat' dir='ltr'>eras,</span> 
     </span>
     <span class='ocr_line' id='line_1_27' title="bbox 289 3951 1408 4044; baseline 0.003 -23"><span class='ocrx_word' id='word_1_225' title='bbox 289 3953 416 4039; x_wconf 81' lang='grc' dir='ltr'><em>ἔμελλες</em></span> <span class='ocrx_word' id='word_1_226' title='bbox 453 3952 574 4020; x_wconf 70' lang='grc' dir='ltr'><em>ἐσθίειν</em></span> <span class='ocrx_word' id='word_1_227' title='bbox 617 3951 686 4021; x_wconf 83' lang='grc' dir='ltr'><em>κατ’</em></span> <span class='ocrx_word' id='word_1_228' title='bbox 727 3955 843 4043; x_wconf 66' lang='grc' dir='ltr'><em>ἐκείνην</em></span> <span class='ocrx_word' id='word_1_229' title='bbox 868 3968 1015 4043; x_wconf 90' lang='lat' dir='ltr'>sumptum</span> <span class='ocrx_word' id='word_1_230' title='bbox 1031 3958 1090 4022; x_wconf 90' lang='lat' dir='ltr'>diei</span> <span class='ocrx_word' id='word_1_231' title='bbox 1104 3960 1193 4042; x_wconf 90' lang='lat' dir='ltr'>illius,</span> <span class='ocrx_word' id='word_1_232' title='bbox 1214 3981 1307 4044; x_wconf 85' lang='lat' dir='ltr'>quem</span> <span class='ocrx_word' id='word_1_233' title='bbox 1324 3964 1408 4028; x_wconf 78' lang='lat' dir='ltr'>tactu</span> 
     </span>
     <span class='ocr_line' id='line_1_28' title="bbox 287 4051 1407 4188; baseline 0.004 -64"><span class='ocrx_word' id='word_1_234' title='bbox 287 4084 341 4145; x_wconf 82' lang='grc' dir='ltr'><em>την</em></span> <span class='ocrx_word' id='word_1_235' title='bbox 357 4051 485 4146; x_wconf 78' lang='grc' dir='ltr'><em>ἡμέραν,</em></span> <span class='ocrx_word' id='word_1_236' title='bbox 500 4058 612 4135; x_wconf 85' lang='grc' dir='ltr'><em>δδς’</em></span> <span class='ocrx_word' id='word_1_237' title='bbox 573 4053 692 4188; x_wconf 78' lang='grc' dir='ltr'><em>χηρᾳῆ</em></span> <span class='ocrx_word' id='word_1_238' title='bbox 709 4056 842 4151; x_wconf 68' lang='lat' dir='ltr'>oppono)</span> <span class='ocrx_word' id='word_1_239' title='bbox 868 4083 920 4129; x_wconf 86' lang='lat' dir='ltr'>ms</span> <span class='ocrx_word' id='word_1_240' title='bbox 943 4084 1021 4144; x_wconf 85' lang='lat' dir='ltr'>eras,</span> <span class='ocrx_word' id='word_1_241' title='bbox 1044 4083 1186 4148; x_wconf 84' lang='lat' dir='ltr'>repones,</span> <span class='ocrx_word' id='word_1_242' title='bbox 1212 4076 1246 4130; x_wconf 88' lang='lat' dir='ltr'>et</span> <span class='ocrx_word' id='word_1_243' title='bbox 1268 4067 1395 4132; x_wconf 86' lang='lat' dir='ltr'>dabis</span> <span class='ocrx_word' id='word_1_244' title='bbox 1369 4087 1407 4129; x_wconf 89' lang='lat' dir='ltr'>rr·</span> 
     </span>
     <span class='ocr_line' id='line_1_29' title="bbox 288 4155 1407 4291; baseline 0.004 -64"><span class='ocrx_word' id='word_1_245' title='bbox 288 4155 540 4251; x_wconf 75' lang='grc' dir='ltr'><em>ἢστεροομένῳ,</em></span> <span class='ocrx_word' id='word_1_246' title='bbox 563 4161 656 4291; x_wconf 75' lang='grc' dir='ltr'><em>πρὸς</em></span> <span class='ocrx_word' id='word_1_247' title='bbox 670 4165 705 4233; x_wconf 83' lang='grc' dir='ltr'>δν</span> <span class='ocrx_word' id='word_1_248' title='bbox 725 4165 766 4254; x_wconf 78' lang='grc' dir='ltr'><em>δὴ</em></span> <span class='ocrx_word' id='word_1_249' title='bbox 785 4190 842 4233; x_wconf 89' lang='grc' dir='ltr'>σα-</span> <span class='ocrx_word' id='word_1_250' title='bbox 868 4168 960 4250; x_wconf 88' lang='lat' dir='ltr'>duae,</span> <span class='ocrx_word' id='word_1_251' title='bbox 983 4170 1096 4252; x_wconf 92' lang='lat' dir='ltr'>pupillo</span> <span class='ocrx_word' id='word_1_252' title='bbox 1120 4171 1202 4233; x_wconf 88' lang='lat' dir='ltr'>aut</span> <span class='ocrx_word' id='word_1_253' title='bbox 1193 4174 1298 4254; x_wconf 86' lang='lat' dir='ltr'>rnopi;</span> <span class='ocrx_word' id='word_1_254' title='bbox 1329 4179 1356 4236; x_wconf 96' lang='lat' dir='ltr'>et</span> <span class='ocrx_word' id='word_1_255' title='bbox 1376 4173 1407 4234; x_wconf 85' lang='lat' dir='ltr'>sir</span> 
     </span>
     <span class='ocr_line' id='line_1_30' title="bbox 288 4262 1407 4360; baseline 0.005 -30"><span class='ocrx_word' id='word_1_256' title='bbox 288 4268 411 4357; x_wconf 71' lang='lat' dir='ltr'>prigp</span> <span class='ocrx_word' id='word_1_257' title='bbox 384 4262 548 4355; x_wconf 75' lang='grc' dir='ltr'><em>ἐμπλήσας</em></span> <span class='ocrx_word' id='word_1_258' title='bbox 569 4266 625 4355; x_wconf 79' lang='grc' dir='ltr'>τήν</span> <span class='ocrx_word' id='word_1_259' title='bbox 643 4269 760 4338; x_wconf 78' lang='grc' dir='ltr'><em>ἑαυτοῦ</em></span> <span class='ocrx_word' id='word_1_260' title='bbox 778 4285 842 4360; x_wconf 77' lang='lat' dir='ltr'>apo-</span> <span class='ocrx_word' id='word_1_261' title='bbox 868 4275 1086 4338; x_wconf 87' lang='lat' dir='ltr'>consummabis</span> <span class='ocrx_word' id='word_1_262' title='bbox 1100 4275 1297 4340; x_wconf 79' lang='lat' dir='ltr'>humilitatem</span> <span class='ocrx_word' id='word_1_263' title='bbox 1309 4278 1407 4340; x_wconf 81' lang='lat' dir='ltr'>animae</span> 
     </span>
    </p>
   </div>
   <div class='ocr_carea' id='block_1_6' title="bbox 290 4390 1406 5083">
    <p class='ocr_par' dir='ltr' id='par_1_6' title="bbox 290 4390 1406 4656">
     <span class='ocr_line' id='line_1_31' title="bbox 323 4390 1406 4482; baseline 0.006 -25"><span class='ocrx_word' id='word_1_264' title='bbox 323 4409 350 4472; x_wconf 83' lang='grc'>1)</span> <span class='ocrx_word' id='word_1_265' title='bbox 370 4390 488 4459; x_wconf 72' lang='lat' dir='ltr'>Hermam</span> <span class='ocrx_word' id='word_1_266' title='bbox 515 4426 594 4476; x_wconf 87' lang='lat' dir='ltr'>opera</span> <span class='ocrx_word' id='word_1_267' title='bbox 618 4412 839 4481; x_wconf 66' lang='lat' dir='ltr'>supererogatum·</span> <span class='ocrx_word' id='word_1_268' title='bbox 866 4415 922 4480; x_wconf 77' lang='lat' dir='ltr'>der,</span> <span class='ocrx_word' id='word_1_269' title='bbox 936 4411 1113 4464; x_wconf 66' lang='lat' dir='ltr'>llirclrtlesclr.</span> <span class='ocrx_word' id='word_1_270' title='bbox 1128 4413 1190 4464; x_wconf 84' lang='lat' dir='ltr'>edit.</span> <span class='ocrx_word' id='word_1_271' title='bbox 1204 4412 1236 4466; x_wconf 80' lang='lat' dir='ltr'>tt</span> <span class='ocrx_word' id='word_1_272' title='bbox 1256 4415 1283 4467; x_wconf 85' lang='lat' dir='ltr'>T.</span> <span class='ocrx_word' id='word_1_273' title='bbox 1294 4415 1313 4467; x_wconf 92' lang='lat' dir='ltr'>l.</span> <span class='ocrx_word' id='word_1_274' title='bbox 1325 4431 1349 4482; x_wconf 94' lang='lat' dir='ltr'>p.</span> <span class='ocrx_word' id='word_1_275' title='bbox 1361 4410 1406 4463; x_wconf 73' lang='lat' dir='ltr'>tat.</span> 
     </span>
     <span class='ocr_line' id='line_1_32' title="bbox 290 4498 1406 4571; baseline 0.003 -22"><span class='ocrx_word' id='word_1_276' title='bbox 290 4498 385 4550; x_wconf 85' lang='lat' dir='ltr'>docere</span> <span class='ocrx_word' id='word_1_277' title='bbox 412 4503 532 4547; x_wconf 81' lang='lat' dir='ltr'>annotant</span> <span class='ocrx_word' id='word_1_278' title='bbox 549 4500 624 4566; x_wconf 76' lang='lat' dir='ltr'>tttip,</span> <span class='ocrx_word' id='word_1_279' title='bbox 650 4498 666 4550; x_wconf 95' lang='lat' dir='ltr'>l.</span> <span class='ocrx_word' id='word_1_280' title='bbox 686 4515 708 4549; x_wconf 89' lang='lat' dir='ltr'>e.</span> <span class='ocrx_word' id='word_1_281' title='bbox 728 4515 753 4566; x_wconf 91' lang='lat' dir='ltr'>p.</span> <span class='ocrx_word' id='word_1_282' title='bbox 774 4501 838 4563; x_wconf 75' lang='lat'>1733</span> <span class='ocrx_word' id='word_1_283' title='bbox 901 4499 931 4568; x_wconf 82' lang='lat'>3)</span> <span class='ocrx_word' id='word_1_284' title='bbox 950 4498 1039 4551; x_wconf 79' lang='lat' dir='ltr'>Pastor</span> <span class='ocrx_word' id='word_1_285' title='bbox 1062 4501 1172 4552; x_wconf 83' lang='lat' dir='ltr'>maxime</span> <span class='ocrx_word' id='word_1_286' title='bbox 1191 4510 1325 4554; x_wconf 72' lang='lat' dir='ltr'>austerum</span> <span class='ocrx_word' id='word_1_287' title='bbox 1342 4512 1406 4571; x_wconf 72' lang='lat' dir='ltr'>genus</span> 
     </span>
     <span class='ocr_line' id='line_1_33' title="bbox 291 4583 1333 4656; baseline 0.004 -21"><span class='ocrx_word' id='word_1_288' title='bbox 291 4583 459 4650; x_wconf 78' lang='lat' dir='ltr'>Mrirrrctrer,</span> <span class='ocrx_word' id='word_1_289' title='bbox 491 4583 581 4635; x_wconf 89' lang='lat' dir='ltr'>Letrrb.</span> <span class='ocrx_word' id='word_1_290' title='bbox 614 4584 638 4636; x_wconf 94' lang='grc' dir='ltr'>δ.</span> <span class='ocrx_word' id='word_1_291' title='bbox 669 4584 731 4637; x_wconf 75' lang='lat' dir='ltr'>ltu.</span> <span class='ocrx_word' id='word_1_292' title='bbox 763 4585 791 4636; x_wconf 90' lang='grc' dir='ltr'>Τ.</span> <span class='ocrx_word' id='word_1_293' title='bbox 818 4585 838 4639; x_wconf 93' lang='lat' dir='ltr'>l.</span> <span class='ocrx_word' id='word_1_294' title='bbox 866 4585 1054 4655; x_wconf 71' lang='lat' dir='ltr'>Xarapnapirra</span> <span class='ocrx_word' id='word_1_295' title='bbox 1072 4589 1206 4656; x_wconf 74' lang='lat' dir='ltr'>praecipit</span> <span class='ocrx_word' id='word_1_296' title='bbox 1237 4593 1333 4643; x_wconf 75' lang='lat' dir='ltr'>Corra.</span> 
     </span>
    </p>

    <p class='ocr_par' dir='ltr' id='par_1_7' title="bbox 290 4670 1405 4830">
     <span class='ocr_line' id='line_1_34' title="bbox 290 4670 1404 4744; baseline 0.008 -24"><span class='ocrx_word' id='word_1_297' title='bbox 290 4686 315 4738; x_wconf 91' lang='lat' dir='ltr'>p.</span> <span class='ocrx_word' id='word_1_298' title='bbox 329 4672 395 4733; x_wconf 75' lang='lat'>4753</span> <span class='ocrx_word' id='word_1_299' title='bbox 414 4673 534 4738; x_wconf 72' lang='lat' dir='ltr'>ejusdam</span> <span class='ocrx_word' id='word_1_300' title='bbox 545 4670 645 4724; x_wconf 86' lang='lat' dir='ltr'>Haudb.</span> <span class='ocrx_word' id='word_1_301' title='bbox 659 4672 683 4723; x_wconf 91' lang='grc' dir='ltr'>δ.</span> <span class='ocrx_word' id='word_1_302' title='bbox 694 4671 756 4725; x_wconf 74' lang='lat' dir='ltr'>uu.</span> <span class='ocrx_word' id='word_1_303' title='bbox 769 4671 796 4725; x_wconf 88' lang='lat' dir='ltr'>T.</span> <span class='ocrx_word' id='word_1_304' title='bbox 809 4672 839 4726; x_wconf 91' lang='lat' dir='ltr'>ll.</span> <span class='ocrx_word' id='word_1_305' title='bbox 900 4673 929 4737; x_wconf 81' lang='grc'>4)</span> <span class='ocrx_word' id='word_1_306' title='bbox 949 4671 1021 4724; x_wconf 89' lang='lat' dir='ltr'>llurrc</span> <span class='ocrx_word' id='word_1_307' title='bbox 1040 4671 1123 4725; x_wconf 83' lang='lat' dir='ltr'>locum</span> <span class='ocrx_word' id='word_1_308' title='bbox 1141 4677 1252 4744; x_wconf 79' lang='lat' dir='ltr'>respicit</span> <span class='ocrx_word' id='word_1_309' title='bbox 1266 4680 1404 4736; x_wconf 67' lang='lat' dir='ltr'>Antiochum</span> 
     </span>
     <span class='ocr_line' id='line_1_35' title="bbox 290 4757 1405 4830; baseline 0.004 -24"><span class='ocrx_word' id='word_1_310' title='bbox 290 4773 315 4823; x_wconf 93' lang='lat' dir='ltr'>p.</span> <span class='ocrx_word' id='word_1_311' title='bbox 336 4758 386 4807; x_wconf 87' lang='lat'>256</span> <span class='ocrx_word' id='word_1_312' title='bbox 406 4766 432 4808; x_wconf 90' lang='lat' dir='ltr'>et</span> <span class='ocrx_word' id='word_1_313' title='bbox 450 4760 620 4823; x_wconf 56' lang='lat' dir='ltr'>«lachmann,</span> <span class='ocrx_word' id='word_1_314' title='bbox 640 4757 656 4808; x_wconf 84' lang='grc' dir='ltr'>Ι.</span> <span class='ocrx_word' id='word_1_315' title='bbox 676 4775 697 4810; x_wconf 92' lang='lat' dir='ltr'>c.</span> <span class='ocrx_word' id='word_1_316' title='bbox 716 4776 740 4827; x_wconf 91' lang='lat' dir='ltr'>p.</span> <span class='ocrx_word' id='word_1_317' title='bbox 760 4759 803 4815; x_wconf 78' lang='lat'>82.</span> <span class='ocrx_word' id='word_1_318' title='bbox 865 4758 986 4811; x_wconf 74' lang='lat' dir='ltr'>tremiti.</span> <span class='ocrx_word' id='word_1_319' title='bbox 1024 4759 1091 4812; x_wconf 83' lang='lat' dir='ltr'>ltilril</span> <span class='ocrx_word' id='word_1_320' title='bbox 1113 4760 1278 4830; x_wconf 81' lang='lat' dir='ltr'>trequentiur</span> <span class='ocrx_word' id='word_1_321' title='bbox 1297 4763 1405 4817; x_wconf 70' lang='lat' dir='ltr'>incolant</span> 
     </span>
    </p>

    <p class='ocr_par' dir='ltr' id='par_1_8' title="bbox 291 4844 1403 5083">
     <span class='ocr_line' id='line_1_36' title="bbox 326 4844 1403 4918; baseline 0.004 -25"><span class='ocrx_word' id='word_1_322' title='bbox 326 4844 355 4902; x_wconf 70' lang='lat'>2)</span> <span class='ocrx_word' id='word_1_323' title='bbox 374 4844 412 4895; x_wconf 82' lang='lat' dir='ltr'>Ex</span> <span class='ocrx_word' id='word_1_324' title='bbox 437 4847 527 4899; x_wconf 67' lang='grc' dir='ltr'><em>δοσιν.</em></span> <span class='ocrx_word' id='word_1_325' title='bbox 554 4847 588 4898; x_wconf 85' lang='grc' dir='ltr'>οδ</span> <span class='ocrx_word' id='word_1_326' title='bbox 612 4847 729 4899; x_wconf 74' lang='lat' dir='ltr'>Antioch-</span> <span class='ocrx_word' id='word_1_327' title='bbox 753 4863 777 4898; x_wconf 89' lang='lat' dir='ltr'>n.</span> <span class='ocrx_word' id='word_1_328' title='bbox 799 4849 838 4900; x_wconf 87' lang='lat' dir='ltr'>ro.</span> <span class='ocrx_word' id='word_1_329' title='bbox 864 4850 1060 4915; x_wconf 70' lang='lat' dir='ltr'>cunctipatens,</span> <span class='ocrx_word' id='word_1_330' title='bbox 1081 4849 1403 4918; x_wconf 80' lang='lat' dir='ltr'>quampraeclararrrlrarr</span> 
     </span>
     <span class='ocr_line' id='line_1_37' title="bbox 291 4930 1401 5004; baseline 0.006 -23"><span class='ocrx_word' id='word_1_331' title='bbox 291 4947 316 4996; x_wconf 89' lang='lat' dir='ltr'>p.</span> <span class='ocrx_word' id='word_1_332' title='bbox 336 4931 396 4981; x_wconf 85' lang='lat' dir='ltr'>26t.</span> <span class='ocrx_word' id='word_1_333' title='bbox 421 4930 567 4983; x_wconf 86' lang='lat' dir='ltr'>Doctrinam</span> <span class='ocrx_word' id='word_1_334' title='bbox 584 4930 693 4983; x_wconf 84' lang='lat' dir='ltr'>Hermae</span> <span class='ocrx_word' id='word_1_335' title='bbox 712 4931 744 4984; x_wconf 85' lang='lat' dir='ltr'>de</span> <span class='ocrx_word' id='word_1_336' title='bbox 762 4935 838 5001; x_wconf 81' lang='lat' dir='ltr'>spiri·</span> <span class='ocrx_word' id='word_1_337' title='bbox 862 4933 952 4999; x_wconf 82' lang='lat' dir='ltr'>jejunii</span> <span class='ocrx_word' id='word_1_338' title='bbox 977 4950 1035 4986; x_wconf 86' lang='lat' dir='ltr'>cum</span> <span class='ocrx_word' id='word_1_339' title='bbox 1055 4934 1226 5004; x_wconf 77' lang='lat' dir='ltr'>eleemosyna</span> <span class='ocrx_word' id='word_1_340' title='bbox 1246 4937 1401 4993; x_wconf 67' lang='lat' dir='ltr'>conmutare-</span> 
     </span>
     <span class='ocr_line' id='line_1_38' title="bbox 291 5016 1058 5083; baseline 0.008 -16"><span class='ocrx_word' id='word_1_341' title='bbox 291 5017 351 5067; x_wconf 87' lang='lat' dir='ltr'>tuult</span> <span class='ocrx_word' id='word_1_342' title='bbox 374 5016 472 5083; x_wconf 85' lang='lat' dir='ltr'>jejunio</span> <span class='ocrx_word' id='word_1_343' title='bbox 496 5017 611 5074; x_wconf 83' lang='lat' dir='ltr'>laudibus</span> <span class='ocrx_word' id='word_1_344' title='bbox 630 5017 727 5071; x_wconf 82' lang='lat' dir='ltr'>extollit</span> <span class='ocrx_word' id='word_1_345' title='bbox 743 5022 836 5075; x_wconf 77' lang='lat' dir='ltr'>Nean-</span> <span class='ocrx_word' id='word_1_346' title='bbox 865 5037 932 5073; x_wconf 81' lang='lat' dir='ltr'>uem.</span> <span class='ocrx_word' id='word_1_347' title='bbox 961 5025 1058 5075; x_wconf 77' lang='lat' dir='ltr'>Gerra.</span> 
     </span>
    </p>
   </div>
   <div class='ocr_carea' id='block_1_7' title="bbox 0 0 1545 6450">
    <p class='ocr_par' dir='ltr' id='par_1_9' title="bbox 0 0 1545 6450">
     <span class='ocr_line' id='line_1_39' title="bbox 0 0 1545 6450; baseline 0 0"><span class='ocrx_word' id='word_1_348' title='bbox 0 0 1545 6450; x_wconf 95' lang='lat' dir='ltr'> </span> 
     </span>
    </p>
   </div>
  </div>
 </body>
</html>
