3067 6450
395 1204 587 1260 bnamma
607 1206 632 1260 S.
651 1204 843 1260 rouucnurt
861 1204 925 1260 xm.
945 1204 1009 1260 nu.
1201 1208 1266 1276 287

137 1375 284 1454 gerenie3
316 1373 477 1451 praecipue
508 1369 648 1448 Judacis,
679 1369 770 1431 alacri
800 1369 916 1449 animo,
947 1375 978 1433 ut
1007 1369 1120 1450 solent,
1152 1367 1187 1431 ad
1210 1370 1266 1432 ista

133 1475 319 1558 jurantibus.
372 1476 467 1550 Quuru
501 1481 598 1538 auteur
632 1493 725 1557 rogus
761 1481 921 1555 apparatus
955 1482 1053 1554 esset,
1084 1474 1266 1556 Polycarpue

137 1581 195 1643 sibi
219 1580 360 1643 detractis
384 1580 521 1643 erunibus
546 1579 728 1641 vestimentis
760 1585 790 1640 et
811 1580 933 1661 cingulo
961 1579 1074 1658 soluto,
1105 1579 1267 1640 conabatur

138 1686 227 1747 etiam
258 1703 292 1747 se
323 1684 515 1760 excalceare3
549 1682 628 1764 quod
661 1685 744 1766 prius
775 1702 835 1748 nou
869 1684 1012 1762 faciebat,
1048 1684 1115 1764 quia
1146 1700 1267 1764 semper

138 1790 238 1852 cuncti
261 1788 365 1851 fideles
388 1787 623 1867 contendebant,
655 1788 790 1868 quisnam
813 1788 942 1852 celerius
975 1804 1084 1868 corpus
1108 1788 1173 1869 ejus
1197 1794 1266 1850 tan-

136 1899 243 1976 geret3
273 1890 374 1957 'omui
398 1892 475 1954 cuiun
498 1892 579 1955 bono
602 1899 726 1974 propter
749 1900 870 1956 sanctos
894 1913 994 1956 mores
1015 1910 1088 1956 suos
1108 1892 1158 1954 iiic
1178 1893 1265 1954 etiarn

137 2004 208 2060 ante
232 1998 401 2078 martyrium
424 2004 547 2060 ornatus
570 2005 644 2060 erat.
689 1997 771 2060 illico
794 2015 873 2060 nuuc
894 1998 944 2060 ille
966 1997 1102 2061 omnibus
1123 1992 1265 2059 ²iustru-

137 2103 246 2164 mentis
269 2101 523 2179 circumdabatur,
552 2120 628 2182 quae
651 2119 707 2181 pro
729 2118 808 2184 rogo
831 2107 932 2182 parata
955 2109 1048 2164 erant.
1096 2101 1168 2164 Curn
1191 2117 1265 2164 vero

136 2213 168 2269 et
199 2203 319 2269 ³ciavis
350 2207 445 2288 ipsurn
474 2205 601 2288 affigere
632 2205 760 2284 velient,
793 2206 884 2268 dixit:
916 2208 1007 2269 sinite
1037 2224 1084 2267 mc
1113 2206 1179 2276 ric,·
1210 2203 1266 2284 qui

136 2313 222 2375 enirn
241 2311 317 2373 mibi
339 2312 412 2387 dat,
445 2311 545 2390 ipnem
564 2310 654 2388 pati,
687 2308 778 2371 dabit
806 2319 836 2372 et
864 2312 933 2374 aine
961 2319 1068 2374 cerba
1096 2329 1137 2374 erc
1165 2309 1265 2372 ciuoie

135 2418 294 2493 cautione,
317 2416 474 2480 immotum
496 2416 531 2477 in
549 2433 634 2495 pyro
654 2432 849 2494 permonere.

469 2605 544 2670 xlv.
590 2606 757 2690 Polycarpi
776 2609 928 2690 precatio.

226 2730 267 2793 liii
302 2749 376 2814 ergo
410 2747 471 2793 uon
506 2728 624 2811 quidem
659 2731 753 2794 clavis
787 2730 974 2810 defixerunt,
1008 2730 1061 2794 scd
1095 2729 1265 2813 ligaverunt

136 2854 214 2898 euru.
260 2834 313 2896 liic
337 2853 412 2898 vero
435 2835 568 2897 manibus
591 2836 622 2898 iu
645 2843 760 2920 tergum
781 2839 901 2920 rejectis
923 2856 957 2899 ac
978 2838 1103 2915 vinctus,
1126 2842 1264 2916 {anquam

135 2937 246 3002 ⁴aries
270 2941 395 3023 insignis
419 2958 459 3003 ex
481 2957 590 3021 magno
614 2958 712 3024 grege
735 2942 772 3004 ad
805 2942 1004 3019 oblationem,
1035 2938 1180 3003 ⁵uictima
1208 2957 1264 3003 ac-

135 3044 291 3126 ceptabilis
314 3044 379 3107 Deo
401 3051 593 3125 praeparata,
622 3045 739 3107 coelum
763 3048 882 3109 intuitus
905 3045 995 3108 dixu:
1026 3047 1155 3108 Domine
1178 3045 1265 3106 Deae

121 3151 350 3231 ‚omnipotens,
379 3156 474 3228 pater
506 3149 613 3211 dilecti
644 3170 683 3210 ac
708 3149 863 3211 benedicti
884 3149 943 3229 filii
965 3150 1010 3212 tni
1033 3149 1108 3211 Jeau
1133 3147 1262 3225 Christi,

134 3275 194 3334 per
215 3274 304 3336 quern
326 3256 371 3318 tui
393 3254 535 3316 notitiam
558 3256 750 3335 accepimns,
784 3253 870 3316 Deae
900 3253 1082 3333 onpeiorum
1110 3260 1140 3314 et
1161 3252 1263 3313 cirtu-

136 3368 216 3436 tron,
246 3378 286 3420 ac
313 3361 479 3422 annosae
510 3367 692 3436 creaturae,
725 3360 880 3439 totiusque
910 3358 1030 3439 pencris
1047 3358 1206 3437 juniorum
1229 3356 1264 3419 in

136 3471 304 3544 conspectu
328 3471 381 3525 tuo
404 3463 591 3537 vicentiam
621 3461 769 3526 benedico
792 3461 866 3540 tibi,
893 3463 1039 3543 quoniam
1060 3479 1107 3523 nne
1128 3461 1189 3522 bac
1211 3460 1264 3523 die

135 3575 230 3648 atque
251 3568 312 3630 bac
333 3568 413 3630 bora
436 3567 584 3647 dipnatue
607 3586 659 3646 ec,
685 3575 720 3630 ut
739 3575 863 3646 partem
885 3567 1059 3645 acciperem
1081 3566 1115 3627 in
1136 3583 1263 3627 numero

133 3679 467 3754 nortmannorum,
498 3671 532 3733 in
555 3667 684 3735 ⁶caiice
709 3672 828 3734 Obriati
850 3670 915 3757 tui,
938 3669 982 3732 ad
1003 3668 1264 3732 recanectionena

135 3777 170 3837 in
191 3778 288 3839 eitam
309 3785 476 3853 aeteram,
501 3778 625 3840 animae
648 3784 678 3838 et
700 3778 862 3856 corporis,
890 3776 926 3836 in
945 3773 1182 3853 incorruptione
1204 3790 1263 3851 per

133 3880 287 3960 Spiritum
309 3888 471 3955 sanctum
501 3882 583 3943 inter
612 3900 692 3962 quor
715 3882 834 3943 utinam
855 3878 1015 3959 suscipiar
1038 3878 1134 3941 bodie
1157 3895 1262 3939 coram

134 3991 164 4045 ie
187 3986 223 4046 in
242 3986 404 4065 sacrificio
423 3985 534 4066 pinpui
558 3992 588 4046 et
610 3993 755 4067 accepto,
787 3984 1039 4067 quenadmodum
1058 3981 1263 4062 praeparanti

134 4096 166 4150 et
193 4090 269 4151 mibi
301 4084 314 4125 ²
325 4090 586 4171 praemonstrati
615 4097 645 4152 et
674 4108 758 4153 nunc
788 4088 1016 4167 adimplevisti,
1040 4087 1145 4163 Deae,
1174 4104 1261 4149 men·

133 4192 221 4255 dacii
250 4194 375 4257 nescius
407 4212 446 4257 ac
474 4213 585 4256 aerae.
634 4192 834 4273 Quapropter
864 4192 903 4254 rie
934 4191 1075 4253 omnibus
1101 4190 1197 4254 tando
1222 4197 1261 4268 te,

133 4295 283 4362 benedico
307 4297 383 4374 tibi,
414 4298 558 4379 plurifico
582 4306 628 4376 te,
662 4317 730 4360 cam
758 4297 947 4375 sempiterno
978 4303 1007 4357 et
1033 4295 1161 4359 coelesti
1185 4295 1262 4357 Jeca

132 4492 306 4539 moverentur.
337 4487 475 4538 currucae.
518 4484 569 4537 Sed
593 4500 684 4539 revere
713 4499 767 4535 rura
786 4466 850 4576 ,ἦν
869 4499 920 4537 non
938 4500 986 4552 per
1002 4479 1161 4547 o‘tonairapa
1180 4480 1261 4534 nolum

130 4586 313 4641 nonuunquam
344 4587 432 4623 mauris
459 4570 576 4639 Martyris
606 4572 685 4626 clavia
713 4603 840 4671 reddum,
872 4606 918 4658 „d
950 4606 1079 4658 interdum
1108 4603 1186 4653 ,pm
1214 4615 1262 4668 μ,

131 4657 280 4726 perforatae
292 4666 320 4710 et
336 4656 412 4727 lignis
430 4657 521 4710 affixae
539 4665 605 4710 eunt.
633 4656 684 4710 Cir.
714 4686 887 4757 „Meum
914 4699 942 4742 ω
964 4690 1024 4744 ιη
1045 4689 1069 4755 1,
1088 4688 1129 4739 14,
1156 4688 1198 4752 16,
1216 4685 1259 4737 24.

129 4744 196 4797 Aera
210 4752 312 4811 martyr.
326 4743 351 4795 S.
366 4742 446 4796 i’iouii
459 4761 481 4796 c.
496 4743 527 4796 21
546 4748 684 4811 (Μηνὶ,
714 4780 806 4830 Um

130 4830 196 4885 Μ·
214 4828 258 4882 ⁸⁸·
277 4829 320 4883 ⁶⁶·
339 4832 457 4899 ΜΨ)
483 4830 511 4885 Τ·
530 4830 548 4884 ¹·
567 4848 592 4900 Ρ·
612 4830 683 4899 ³⁴⁶³·
748 4856 1260 4928 a)unaiueoprncpo.cannara.
1330 4816 1336 4831 ’
1360 4874 1363 4882 -

165 4933 198 5004 ⁴)
216 4933 313 4987 Simili·
334 4935 359 4985 5¹¹
379 4932 496 5002 Μῑῐῑῐῐῑθ
515 4932 594 5003 ltm-
615 4951 638 4987 ⁰·
658 4933 683 4986 ²·
746 4950 777 5015 7)
796 4949 956 5002 Patefecerat
968 4950 1035 4999 eui·
1052 4948 1076 4999 ei
1088 4945 1158 4999 Beue
1175 4946 1260 5016 ignem
1328 5013 1337 5033 ·

164 5038 196 5106 5)
207 5036 344 5108 Agroecii
355 5035 537 5108 interpretibus
548 5036 684 5091 Hebraeo·
712 5037 833 5105 matyrii.
865 5032 917 5090 Cir.
935 5049 1012 5104 capra
1029 5049 1053 5087 c.
1072 5032 1098 5086 ⁵.
