3067 6450
208 1215 274 1280 422
420 1208 557 1261 ΗΕΒΜᾸΕ
577 1204 712 1261 Piston.
747 1203 845 1258 LIBER
863 1203 905 1259 lll.
940 1202 1065 1257 Slllllll.
1086 1202 1129 1259 IX„

211 1377 391 1434 manserunt.
438 1369 573 1447 Habes,“
600 1368 708 1448 inquit,
733 1366 859 1446 „trorum
882 1364 1028 1447 lapidum,
1052 1364 1105 1445 qui
1128 1366 1238 1448 abjecti
1260 1375 1323 1447 sunt,

209 1476 468 1558 explicationenr.“

295 1579 370 1641 XlV.
424 1577 462 1640 Et
490 1577 568 1639 dixi:
605 1573 675 1655 ¹„si
706 1576 755 1655 qui
788 1591 884 1655 ergo,
916 1572 1052 1650 domine,
1088 1572 1259 1653 hominum,
1287 1578 1326 1658 qui

209 1684 380 1766 hujusmodi
405 1690 492 1762 sunt,
516 1683 634 1766 egerint
658 1680 885 1761 poenitentiam,
909 1683 939 1739 et
960 1677 1129 1758 abjecerint
1151 1679 1327 1761 cupiditatem

209 1789 363 1851 mulierum
386 1787 517 1865 illarum,
548 1793 578 1848 et
600 1785 740 1848 conversi
763 1783 909 1845 redierint
930 1781 967 1844 ad
996 1784 1152 1865 virgines,
1187 1793 1327 1848 eteorum

208 1899 388 1974 potestatem
412 1892 578 1970 induerint,
610 1908 711 1953 nonne
734 1889 882 1950 intrabunt
911 1887 940 1948 in
971 1885 1092 1948 domum
1115 1888 1222 1950 Dei?“
1269 1891 1328 1969 „ln-

209 1996 363 2075 trabunt‚“
390 1992 501 2075 innuit,
538 1995 583 2073 „si
606 1994 772 2076 abjecerint
795 1992 893 2054 omnia
917 2008 1009 2072 opera
1032 1993 1194 2056 mulierum
1218 1995 1328 2075 illarum,

211 2107 240 2164 et
256 2101 359 2163 harum
376 2102 524 2184 virginum
541 2100 755 2180 resumpserint
770 2102 956 2179 potestatem,
980 2103 1009 2157 et
1025 2096 1055 2159 in
1070 2099 1220 2178 operibus
1242 2119 1328 2163 earum

210 2205 434 2268 ambulaverint.
479 2205 516 2265 Et
538 2203 606 2265 ideo
628 2203 808 2264 intermissio
832 2200 910 2262 lacta
933 2208 979 2264 est
1000 2201 1156 2282 struendi,
1182 2213 1234 2283 ut,
1264 2207 1287 2268 si
1305 2206 1328 2266 tt

210 2311 327 2392 egerint
352 2310 581 2390 poenitentiam,
605 2306 781 2388 adjiciantur
804 2305 1032 2367 instructuram
1056 2308 1170 2387 turris,
1195 2309 1223 2370 si
1245 2315 1327 2371 autem

210 2431 270 2475 non
295 2415 413 2496 egerint
435 2411 656 2495 poenitentiam,
680 2411 729 2471 alii
751 2416 902 2472 struantur
923 2410 992 2472 loeo
1017 2427 1134 2490 eorum,
1164 2419 1196 2474 et
1217 2414 1259 2476 illi
1273 2421 1328 2476 tunc

209 2519 386 2598 abjiciantur
409 2520 438 2579 in
464 2520 555 2579 toto.“
603 2515 649 2578 Ad
673 2514 747 2576 haee
772 2516 869 2576 omnia
891 2514 1003 2596 gratias
1027 2516 1078 2597 egi
1094 2515 1238 2597 Domino,
1261 2517 1327 2600 quod

210 2623 241 2682 in
266 2638 388 2700 omnes,
420 2621 448 2681 in
479 2621 584 2701 ‹pnilrns
616 2620 783 2681 invocatum
813 2626 859 2682 est
890 2638 997 2682 nomen
1028 2621 1113 2702 ejus,
1142 2629 1244 2686 motus
1272 2624 1327 2685 ele-

210 2725 316 2785 mentia
340 2726 452 2786 miserit
474 2723 642 2805 praesidem
665 2726 798 2786 nuntium
821 2724 1023 2806 poenitentiae
1046 2724 1084 2786 ad
1108 2743 1184 2804 nos,
1210 2729 1260 2809 qui
1280 2727 1327 2790 de·

209 2826 348 2907 liquimus
380 2828 425 2902 ei;
459 2833 488 2888 et
519 2827 598 2906 qnod
633 2827 826 2889 renorarerit
858 2827 977 2908 spiritus
1008 2834 1132 2890 nostros
1161 2830 1228 2911 jam
1258 2837 1328 2893 certe

210 2931 401 3009 deficientes,
431 2949 530 3010 neque
553 2930 696 2992 hahentes
720 2949 804 3012 spem
828 2932 949 3009 salutis,
979 2948 1059 2993 nuno
1083 2950 1159 2994 uero
1185 2943 1328 2997 recreatos

210 3037 247 3099 ad
271 3036 553 3117 redintegrationem
579 3037 665 3098 ritae.
711 3037 748 3099 Et
772 3035 848 3097 dixi:
873 3055 981 3115 „nune,
1004 3035 1143 3117 domine,
1169 3037 1328 3103 demonstra

209 3142 296 3219 milri,
329 3139 450 3220 ‘quare
474 3158 536 3202 non
560 3142 589 3202 in
620 3147 700 3203 terra
730 3141 901 3203 aedificatur
923 3140 997 3203 haee
1020 3142 1129 3220 turris,
1161 3144 1219 3206 sed
1250 3163 1327 3229 supra

207 3252 324 3328 petram
348 3252 378 3307 et
400 3244 558 3324 portam?“
608 3244 802 3324 „Quoniurn‚“
827 3246 930 3326 inquit,
955 3246 1120 3326 „insipiens
1144 3253 1177 3308 et
1200 3249 1265 3311 sine
1285 3251 1327 3310 in·

208 3351 328 3413 telleetu
353 3366 396 3427 es,
421 3348 489 3411 ideo
514 3350 711 3430 interrogas.“
758 3349 794 3410 Et
810 3349 884 3411 dixi:
909 3367 1056 3428 „neeesse
1072 3348 1183 3431 liabeo,
1208 3353 1325 3432 domine,

208 3455 305 3517 onmia
330 3461 358 3514 te
383 3455 586 3535 interrogare,
611 3454 749 3532 qnoniam
772 3455 844 3516 nihil
867 3454 986 3516 omnino
1010 3454 1164 3536 intellig03
1189 3475 1325 3539 responsa

208 3560 286 3620 eriim
310 3560 406 3620 onmia
430 3576 536 3638 magna
560 3565 589 3618 et
613 3558 764 3638 praeclaro
788 3564 873 3636 sunt,
899 3563 929 3619 et
951 3577 1027 3638 quae
1050 3557 1191 3623 homines
1216 3562 1265 3623 rix
1283 3562 1325 3622 in-

208 3663 348 3745 telligere
372 3663 525 3744 possunt.“
574 3662 702 3740 „nudif‘
728 3666 838 3745 inquit:
863 3660 1022 3742 ³„nomen
1037 3662 1103 3726 Filii
1120 3664 1177 3727 [lei
1199 3686 1325 3750 magnum

209 3774 239 3829 ot
262 3770 436 3829 immensum
455 3773 508 3843 est,
532 3761 582 3827 ⁴et
599 3774 677 3830 totus
693 3770 729 3830 ab
747 3787 785 3831 eo
802 3775 984 3831 sustentatur
999 3767 1113 3830 orbis.“
1160 3772 1215 3849 „si
1231 3772 1323 3855 ergo,'·'

208 3871 345 3951 inquam,
370 3871 485 3945 „einais
509 3871 564 3931 llei
587 3879 723 3934 ereatura
747 3891 801 3953 per
823 3873 926 3935 Filium
950 3873 1016 3954 ejus
1039 3880 1249 3956 sustentatur,
1281 3893 1325 3937 eur

207 3993 268 4036 non
292 3978 322 4034 et
345 3991 399 4034 eos
422 3975 563 4052 sustinet,
595 3977 643 4054 qui
675 3977 789 4039 inritati
818 3985 887 4040 sunt
918 3977 954 4040 ab
979 3995 1034 4054 eo,
1066 3982 1097 4038 et
1128 3996 1241 4043 nomen
1270 3983 1325 4062 ejus

208 4077 317 4155 ierunt,
342 4084 371 4139 et
393 4078 422 4138 in
447 4081 615 4160 praeceptis
639 4081 705 4161 ejus
720 4081 912 4144 ambulant?“
960 4081 1086 4160 „Nonne
1111 4085 1203 4146 etiam
1220 4084 1323 4160 vides,“

208 4174 319 4261 inquit,
354 4184 454 4262 „quod
486 4186 612 4246 sustinet
642 4203 712 4264 eos,
743 4186 793 4265 qui
824 4204 863 4247 ex
895 4187 963 4248 totis
994 4186 1186 4266 praecordiis
1220 4194 1326 4271 portant

209 4304 316 4347 nomen
340 4288 429 4368 ejus‘l
475 4288 541 4368 lpse
565 4290 654 4370 igitur
679 4288 900 4353 tundamentum
929 4296 975 4352 est
997 4309 1120 4369 eorum,
1154 4298 1186 4354 et
1208 4294 1326 4356 lilrenter

208 4397 307 4471 portat
332 4410 403 4470 eos,
428 4394 478 4472 qni
501 4412 560 4455 non
585 4402 698 4477 negant
717 4413 825 4458 nomen
850 4397 933 4476 ejus,
960 4393 1014 4456 sed
1037 4394 1168 4458 libenter
1191 4400 1326 4459 sustinent

210 4490 223 4531 ⁵
237 4494 336 4557 illud.“

244 4683 271 4747 l)
298 4684 391 4735 Similia
419 4685 539 4754 leguntur
566 4684 633 4736 lilrr.
657 4685 675 4736 l.
705 4688 755 4739 l'is.
786 4690 1109 4759 dinunumerare-Crustas
1140 4690 1211 4743 hunc
1237 4705 1325 4762 quoque

208 4763 256 4833 tlt,
276 4772 300 4820 7.
784 4777 867 4828 locum
882 4778 946 4829 male
960 4777 1076 4844 explieat.
1103 4776 1158 4830 Cir.
1172 4795 1251 4848 supra
1263 4796 1282 4830 e.
1293 4775 1324 4826 1².

244 4853 273 4917 2)
293 4853 345 4906 cfr.
366 4872 440 4923 supra
461 4873 483 4907 c.
503 4855 527 4906 3.
784 4879 808 4929 p,
828 4864 887 4914 tto.
908 4871 960 4914 not.
979 4864 1004 4914 2.

244 4937 274 5004 3)
294 4940 340 4992 llie
367 4942 437 4992 loeus
464 4944 637 4995 testimonium
664 4946 754 4997 ortlro-
817 4950 845 5012 d)
866 4948 916 5001 cn.
935 4948 1013 5000 llebr.
1035 4948 1059 5014 1,
1079 4948 1104 5003 3.

209 5015 301 5074 doxiao
343 5026 451 5080 llermae
493 5032 618 5082 nominari
660 5042 753 5101 potest.
817 5036 847 5103 5)
866 5033 1096 5089 tucouextamb.
1128 5035 1232 5093 Ceteri:
1250 5044 1323 5097 illm

201 5145 413 5293 Ᾰ
