3067 6450
567 1180 747 1235 damnans
764 1183 932 1239 uersuum.
959 1186 980 1240 L
997 1187 1030 1242 11.
1337 1197 1358 1263 3

239 1337 342 1403 'Sicut
365 1358 440 1423 ergo
463 1341 580 1403 loeutus
606 1350 661 1420 est,
685 1343 838 1407 honestius
862 1354 892 1409 et
914 1347 1000 1410 altius
1024 1347 1171 1411 accedere
1194 1347 1255 1412 ²ad
1278 1369 1359 1415 aram

233 1442 320 1505 iltius.
367 1443 432 1526 Ego
455 1452 552 1508 autem
576 1464 636 1508 nun
660 1452 797 1528 tanquam
821 1449 937 1530 doctor,
959 1451 1012 1513 sed
1031 1471 1107 1515 uirus
1124 1473 1163 1515 ex
1181 1455 1276 1534 vobis,
1301 1455 1359 1518 de-

231 1548 406 1612 monstrabo
430 1567 533 1630 pauea,
558 1546 637 1632 ³per
659 1570 736 1631 quae
758 1552 788 1614 in
812 1553 943 1634 plurimis
965 1555 1105 1617 laetiores
1128 1558 1200 1618 sitis.

472 1738 504 1800 ΙΙ.
551 1738 715 1820 Sacrificio
729 1740 868 1821 judaica
891 1744 1014 1807 abolita
1036 1753 1117 1808 suut.

322 1855 394 1919 carn
417 1859 476 1921 sint
499 1877 574 1942 ergo
599 1861 662 1923 dies
686 1864 869 1942 nequissimi,
894 1872 923 1927 et
943 1863 1134 1929 ⁴eontrarius
1151 1867 1257 1930 babeat
1272 1868 1358 1952 bujus
1427 1872 1429 1876 '

232 1960 348 2023 saeculi
371 1968 565 2042 potestatem;
598 1965 740 2029 debemus
764 1967 962 2030 adtendentes
990 1971 1142 2051 inquirere
1166 1967 1357 2052 ⁶aequitntes

232 2063 362 2126 Domini.

276 2163 374 2250 6Τῆς
394 2164 450 2249 μὲν
472 2158 524 2230 oda
545 2164 683 2246 πίστεως
701 2163 787 2258 ἡμῶν
854 2172 965 2238 ‘Fidei
989 2194 1064 2258 ergo
1091 2183 1212 2241 nostrae
1241 2177 1372 2260 adjutor

232 2263 312 2333 aiom
334 2266 365 2334 oi
386 2271 599 2361 σοϋῄπτορες
616 2266 721 2363 φόβος
735 2273 786 2340 καὶ
811 2285 857 2342 est
879 2281 967 2342 timor
997 2287 1027 2342 et
1054 2283 1230 2344 sustinentia
1238 2302 1247 2356 ;
1280 2301 1357 2362 quae

231 2368 394 2463 ὑπομονὴ·
429 2371 536 2466 ratde*
567 2380 907 2462 σομμαχοῦοταοοῑοοι
930 2385 1083 2446 nobiscum
1116 2391 1265 2467 pugnant,
1298 2404 1357 2467 pa·

231 2471 303 2564 ἦμῖν
323 2479 527 2568 μακροθυμία
544 2481 596 2547 καὶ
615 2475 784 2570 ἐγκράτεια.
811 2487 911 2548 tientia
928 2494 972 2551 est
988 2493 1016 2550 et
1033 2489 1222 2550 continentia.
1257 2482 1357 2550 ⁷ttaeo

234 2581 246 2620 ⁷
273 2576 402 2649 Τούτων
434 2574 503 2665 οὖν,
540 2583 581 2651 τὰ
614 2583 698 2675 πρὸς
731 2583 786 2653 adu
810 2609 875 2652 cum
899 2590 976 2670 apud
1000 2591 1156 2653 Dominum
1182 2596 1356 2674 permanent

231 2687 363 2775 Κύριον,
383 2680 535 2771 μενὸνιων
556 2684 667 2773 iprae,
690 2691 784 2757 ὅσον·
809 2701 907 2795 casta,
945 2690 1179 2757 ⁸coniaetantur
1212 2695 1267 2757 iitis
1300 2713 1355 2757 sa-

231 2789 453 2880 evqpet'aomat
468 2790 575 2871 αὐτοῖς
589 2792 699 2883 σοφία,
715 2788 782 2861 oto..
809 2798 916 2879 pientia
941 2805 971 2859 et
993 2800 1168 2862 intellectus.

232 2915 308 2974 εσις,
330 2892 493 2985 ἐπιστήμη,
514 2900 633 2983 γνῶσις.

232 3001 398 3084 Adaperuit
421 3006 505 3066 enim'
522 3007 607 3068 nobis
630 3025 685 3087 per
708 3024 811 3067 omnes
830 3006 1001 3088 Prophetas,
1024 3008 1091 3088 quia
1110 3025 1170 3069 non
1188 3006 1278 3066 utitur
1295 3024 1352 3066 no-

231 3110 302 3170 stris
325 3108 446 3187 bostiis,
478 3129 575 3192 neque
599 3113 744 3188 victimis,
776 3131 873 3192 neque
897 3111 1110 3188 oblationibus,
1138 3109 1211 3171 baec
1235 3108 1353 3170 dicens:

230 3207 332 3287 ⁹Ouo
355 3214 431 3275 mibi
453 3216 679 3278 multitudinem
701 3219 933 3297 sacrificiorum
956 3216 1154 3279 vestrarum?
1187 3213 1265 3275 dicit
1287 3212 1356 3273 Do-

229 3319 341 3379 minus.
387 3319 502 3383 Pieuus
523 3341 591 3383 sum
611 3320 934 3384 holocaustomatibus
959 3321 1091 3381 arietum
1123 3327 1152 3377 et
1176 3317 1356 3395 pinquami-

230 3423 323 3485 uibus
354 3443 525 3503 aqnor·um,·
558 3434 587 3485 et
616 3426 799 3506 sanquinem
828 3427 985 3486 hircorum
1016 3431 1045 3483 et
1076 3430 1234 3482 taurorum
1265 3419 1357 3492 noio,·

229 3548 286 3590 uec
309 3530 339 3590 si
361 3529 498 3591 veniatis
523 3523 663 3591 ¹⁰oideri
686 3528 771 3590 mibi.
818 3527 894 3603 Quis
918 3526 999 3587 enim
1022 3524 1195 3604 exquisivit
1218 3521 1295 3581 bueo
1318 3517 1356 3580 de

228 3631 374 3695 munibus
397 3632 538 3694 vestris?
584 3632 719 3694 Calcare
750 3632 855 3694 auiam
885 3650 983 3692 meum
1012 3648 1076 3690 nou
1107 3625 1276 3704 adjicietis.
1320 3622 1357 3685 st

229 3784 370 3838 futurorum
394 3805 430 3836 =
453 3787 519 3837 uitae
543 3794 732 3838 consummatae
756 3787 780 3836 in
842 3787 872 3853 6)
892 3784 989 3836 Graeca
1009 3783 1073 3834 haee
1085 3786 1184 3833 entant
1196 3777 1262 3845 apud
1276 3780 1356 3831 ctum.

228 3886 309 3940 regnu
328 3876 443 3928 sosiusti
808 3876 884 3926 Atax.
904 3870 920 3923 t.
940 3887 963 3921 e.

264 3957 292 4026 t)
312 3957 420 4011 Sensus:
445 3961 520 4023 ideo,
546 3960 651 4012 ‹tioiuu
677 3959 778 4010 vetusta·
841 3959 869 4020 7)
889 3955 906 4007 Ι.
927 3972 950 4008 o.
969 3958 1013 4009 bis
1031 3973 1094 4024 srpo
1114 3957 1143 4006 itt
1160 3956 1213 4018 iis,
1242 3968 1307 4020 quos
1325 3951 1358 4004 uit

228 4047 275 4098 tuti
303 4047 522 4114 obtemperantes,
553 4047 654 4113 purius
683 4053 707 4096 st
734 4045 778 4095 at·
807 4047 948 4096 dominum
971 4043 1118 4111 pertinent,
1147 4048 1219 4092 caste
1246 4055 1356 4089 murteu-

227 4133 282 4183 tius
300 4132 443 4185 unatim
460 4133 584 4185 debemus
610 4132 644 4183 ud
661 4131 779 4183 &viuum
805 4133 875 4182 titus
888 4136 938 4179 eto.
959 4131 1039 4182 Gustu
1054 4126 1221 4194 i.,u.integra.
1235 4127 1356 4174 biennio.

227 4219 373 4270 uss-itatem·
410 4222 468 4284 Qua
492 4220 521 4271 iu
545 4233 575 4270 rs
592 4218 704 4285 epistota
721 4231 779 4268 meu
840 4213 870 4281 8)
896 4212 990 4264 Sensus
1014 4220 1067 4264 est:
1096 4214 1192 4266 ceteris
1218 4213 1278 4279 fidei
1303 4228 1355 4262 uo-

228 4306 329 4355 utims
346 4320 397 4357 aas
414 4306 533 4371 adjuvet.
805 4310 879 4353 strae
911 4310 1004 4352 contra
1028 4301 1156 4352 satanam
1187 4298 1357 4363 adjutoribus

261 4387 291 4454 ²)
310 4388 352 4438 Sc·
365 4391 502 4455 debemus5
517 4391 541 4440 iu
554 4387 698 4456 praeceptis
711 4385 777 4437 enim
805 4389 935 4454 sapientia
955 4415 986 4423 -
1006 4381 1021 4448 ἦ
1043 4380 1160 4447 interdiu,
1184 4386 1232 4431 τῶν
1256 4380 1356 4429 δικαιω-

228 4474 319 4539 pausim
338 4482 398 4526 aute
416 4475 567 4527 inbuitivum
591 4470 630 4522 dat
652 4470 778 4523 subaudi·
804 4469 890 4535 μάτων
918 4474 960 4519 τοῦ
986 4473 1066 4537 κυρίου
1089 4500 1122 4508 -
1149 4486 1210 4522 sese
1238 4470 1355 4535 conjun-

227 4565 273 4610 tnr.
312 4562 450 4612 Cermoro.
805 4568 850 4629 pat
874 4565 980 4626 oportet.
1027 4555 1158 4619 Quaenam
1185 4556 1234 4606 sint
1257 4548 1356 4601 danaid-

260 4645 291 4715 3)
310 4644 361 4699 cb.
382 4646 395 4697 1
416 4646 506 4698 Josun.
528 4646 551 4710 t,
570 4647 595 4697 d.
804 4663 870 4707 para
890 4642 949 4709 itta,
968 4644 992 4693 in
1011 4641 1177 4711 sequentibus
1196 4640 1337 4708 exponitur.

260 4734 291 4802 d)
309 4732 329 4784 1.
344 4748 367 4783 ο.
380 4735 505 4788 Satanas.
538 4730 588 4784 cn.
604 4730 616 4781 1
630 4730 696 4783 Patr.
711 4730 737 4795 5,
751 4730 776 4781 8.
840 4730 868 4793 9)
888 4729 944 4782 isai.
965 4730 995 4794 i,
1017 4727 1127 4780 tr-tt.

260 4819 290 4886 5)
307 4817 478 4881 Δικαιώματα,
501 4827 656 4888 praemia,
681 4815 723 4868 vei
751 4825 779 4868 ut
824 4818 867 4880 10)
887 4815 952 4868 biatu
981 4814 1024 4866 bis.
1049 4817 1153 4874 uidem
1184 4810 1255 4875 ituit
1282 4805 1355 4858 LXX·

227 4904 433 4959 utmeooeuta
447 4906 624 4974 benignitatis.
644 4900 695 4953 cb.
710 4918 733 4954 o.
746 4901 777 4967 X,
804 4903 820 4953 Ι.
850 4906 937 4957 aidani
958 4904 1041 4968 mibi,
1070 4902 1086 4951 i.
1111 4917 1134 4951 e.
1159 4900 1245 4952 sideri
1268 4915 1284 4948 u
1307 4910 1356 4947 me.

226 4988 281 5043 XVI
298 4999 325 5045 ot
341 4989 406 5043 xxi.
430 4998 456 5043 st
474 5006 497 5042 u.
516 4989 535 5041 l.
556 4988 621 5042 Nota
641 4988 665 5041 3.
808 4992 928 5039 idsnuuo.

1094 5071 1142 5135 pu
