3067 6450
221 1185 286 1252 348
399 1178 538 1235 HERMAE
556 1178 693 1233 PASTOR.
729 1177 826 1231 LIBER
844 1177 874 1231 ll.
910 1175 1058 1233 tttttutt.
1077 1177 1109 1233 ll.
1127 1178 1172 1233 ΙΙΙ.

220 1344 418 1428 necessitate,
448 1340 575 1404 reddent
605 1341 766 1416 rationem3
798 1340 847 1420 qui
879 1346 977 1401 eutem
1008 1338 1074 1418 dat,
1104 1340 1256 1404 innocens
1288 1344 1350 1405 erit

221 1449 301 1512 Sicut
332 1449 410 1508 enirn
439 1447 592 1528 accepite
617 1447 764 1524 Domino,
793 1445 988 1506 ministerium
1011 1447 1248 1526 consummavit,
1280 1447 1350 1510 nihil

221 1549 393 1627 dubitando,
417 1550 464 1612 cui
487 1549 572 1610 duret
595 1554 625 1610 et
647 1549 696 1612 cui
719 1567 781 1611 non
804 1547 904 1625 daret3
928 1556 958 1611 et
981 1549 1133 1613 fecithoc
1156 1552 1349 1615 ministerium

148 1699 153 1707 .
219 1653 394 1734 simpliciter
417 1659 446 1715 et
469 1654 604 1737 gloriose
628 1655 664 1715 ed
690 1654 792 1716 Deum.
838 1654 961 1717 Custodi
988 1674 1063 1737 ergo
1086 1655 1259 1719 mundatum
1283 1657 1347 1738 hoe,

219 1760 296 1821 sicut
320 1760 370 1821 tibi
394 1759 511 1821 locutus
535 1777 610 1837 sum,
634 1766 665 1820 ut
688 1760 870 1840 poenitentia
896 1767 944 1822 tua
966 1761 1093 1841 simplex
1116 1763 1297 1841 invenietur,
1319 1770 1347 1825 et

219 1865 315 1944 possit
338 1863 438 1926 domui
461 1871 528 1926 tuee
553 1864 631 1925 bene
653 1863 718 1926 lieri
725 1886 734 1940 ;
759 1872 790 1926 et
812 1882 866 1926 cor
891 1864 1030 1927 mundum
1053 1865 1161 1929 habef‘

648 2070 837 2153 Mandatum
864 2073 918 2154 tlt.

219 2249 429 2331 Definiendo
445 2249 619 2325 mendacio,
643 2257 673 2310 et
687 2248 819 2310 Hermae
831 2250 1030 2328 poenitentia
1046 2249 1086 2312 ob
1103 2249 1343 2334 simulationem.

269 2388 276 2426 ¹
293 2378 459 2471 leticum
474 2379 592 2472 οἶγάπα,
610 2385 662 2450 καὶ
679 2387 770 2451 πᾶσα
838 2391 947 2454 lterum
959 2391 1027 2453 mihi
1039 2391 1126 2454 dixit:
1149 2390 1156 2427 ¹
1171 2392 1343 2470 ,veritatem

220 2482 358 2579 ἀλὴι9εια
380 2488 412 2556 ἐκ
430 2498 472 2556 eri
486 2482 648 2573 στόματός
662 2514 703 2558 oe
718 2490 767 2558 ἐκ·
796 2495 898 2578 dilige,
922 2503 952 2558 et
967 2499 1062 2559 omnis
1078 2515 1181 2559 sermo
1199 2515 1291 2559 verus
1306 2516 1342 2557 ex

220 2592 428 2682 concedetis),
451 2593 502 2660 ἵνα
523 2593 562 2660 cd
584 2603 707 2679 πνεῦμα
728 2597 770 2661 eri
796 2620 851 2664 ore
882 2608 932 2663 tuo
963 2602 1125 2682 procedut3
1157 2609 1190 2664 ut
1214 2602 1340 2684 spiritus,

222 2702 287 2765 (deri
298 2708 429 2787 κατοικῇ
443 2721 545 2766 σοι...
565 2698 604 2766 Oi
615 2695 674 2789 γάρ
689 2713 767 2789 rocu-
796 2724 884 2784 quem
895 2706 1037 2768 Dominus
1047 2707 1202 2769 constituit
1214 2707 1243 2769 in
1257 2724 1341 2768 carne

221 2796 349 2887 δόμενοι
371 2799 507 2871 donem
529 2799 585 2869 τὸν
606 2805 705 2872 (dede.
719 2853 727 2868 .
739 2853 767 2868 ..
797 2817 855 2888 tua,
878 2829 973 2875 rerux
989 2812 1156 2874 invenietur
1173 2812 1251 2894 apud
1268 2830 1338 2873 cun·

222 2901 356 2992 ’Έλαβον
378 2904 437 2998 γάρ
460 2916 583 2993 πνεῦμα
603 2902 767 2997 nitu-leion,
795 2922 859 2976 etos
871 2915 1015 2994 homines,
1027 2916 1212 2979 etDumiuus
1226 2917 1339 2997 mugni-

123 3063 133 3084 .
220 3012 271 3080 καὶ
295 3011 435 3101 ἐγένοντο
459 3005 620 3110 οἰκηφὴρια
638 3017 678 3080 eri
693 3013 766 3102 ἅλη-
794 3018 908 3096 licetur,
932 3021 982 3100 qui
1003 3019 1083 3082 dedit
1099 3021 1236 3102 spiritum
1252 3023 1280 3082 in
1296 3027 1338 3094 te;

220 3121 299 3185 devii
320 3111 505 3203 πνεύματος.
795 3125 863 3204 quia
887 3124 969 3186 Deus
999 3144 1094 3186 verax
1126 3133 1174 3187 est
1205 3127 1236 3187 in
1266 3126 1336 3188 omni

222 3230 333 3307 verbo,
366 3235 396 3290 et
426 3247 487 3292 non
518 3236 563 3291 est
593 3227 777 3291 menducium
800 3230 829 3291 in
852 3230 927 3310 ipso.
973 3229 1029 3304 Oui
1052 3249 1129 3312 ergo
1152 3234 1337 3308 mentiuntur,

221 3333 568 3418 abnegantllominum,
592 3352 651 3397 non
675 3333 837 3396 reddentes
860 3334 925 3398 Deo
948 3334 1124 3416 depositum,
1149 3337 1232 3417 quod
1256 3354 1339 3398 acce·

220 3446 335 3520 perunt.
382 3439 572 3521 deceperunt
606 3441 683 3501 enim
718 3441 852 3520 spiritum
886 3440 952 3501 sine
984 3439 1149 3504 mendacio.
1202 3442 1287 3504 Hunc
1317 3442 1339 3502 si

130 3622 137 3632 ι
221 3544 392 3605 mendacem
408 3543 546 3620 reddunt,
571 3545 761 3625 coinquinant
777 3544 943 3607 mandatum
960 3545 1087 3622 Domini,
1111 3554 1142 3608 et
1157 3545 1339 3609 fraudatores

221 3649 321 3711 sruut.“
369 3650 421 3711 His
450 3650 559 3711 ‘auditis
592 3669 651 3732 ego
683 3650 877 3712 vehomenter
908 3647 986 3711 tleri.
1032 3649 1088 3723 Oui
1113 3669 1206 3731 quum
1230 3652 1338 3714 dentem

220 3773 267 3814 me
290 3753 413 3831 rideret,
438 3755 511 3815 dixit
535 3754 618 3815 mihi:
645 3753 734 3835 ,quid
758 3754 902 3834 plorusl“
927 3753 963 3815 Et
986 3754 1065 3815 dixi:
1091 3758 1265 3836 ,quonium
1288 3756 1339 3816 do-

220 3861 314 3935 mine,
346 3859 464 3935 nescio,
495 3876 531 3918 an
556 3860 667 3939 possim
691 3859 792 3922 sulvus
816 3859 913 3921 esse.“
962 3859 1130 3937 ,Ouare?“
1160 3861 1267 3940 inquit.
1308 3857 1339 3919 Et

221 3963 299 4024 dixi:
336 3963 422 4042 ,quia
447 3980 624 4041 numquam,
648 3963 785 4042 domine,
808 3982 913 4025 verum
936 3964 1054 4026 locutus
1077 3982 1145 4025 sunt
1170 3965 1293 4041 verbum
1313 3964 1337 4025 in

220 4068 278 4127 rite
304 4085 384 4142 meo,
408 4065 462 4126 sed
485 4084 605 4147 seruper
629 4069 658 4129 iu
683 4065 901 4131 ²simulatione
924 4070 1002 4146 rixi,
1026 4068 1267 4131 etmeuducium
1290 4083 1338 4149 pro

220 4172 346 4231 veritate
377 4170 521 4233 nllirnmrl
553 4174 704 4250 orunibus;
738 4181 767 4235 et
796 4191 856 4236 non
880 4172 949 4235 milri
972 4174 1130 4254 quisquam
1154 4174 1338 4249 contradixit,

220 4273 273 4336 sed
298 4273 371 4336 srdes
395 4275 491 4337 habita
516 4284 562 4337 est
586 4278 679 4340 verbo
703 4295 780 4340 meo.
812 4279 878 4352 Quo
903 4278 991 4341 modo
1013 4297 1088 4360 ergo
1106 4286 1218 4360 potero
1236 4281 1338 4354 virere,

220 4399 309 4461 quum
340 4382 383 4441 sic
414 4381 572 4462 egerim?“
608 4382 644 4445 Et
675 4382 747 4446 dixit
777 4383 863 4446 milri:
900 4390 952 4462 ,tu
975 4383 1092 4464 quidem
1118 4384 1199 4446 bene
1223 4390 1252 4446 et
1273 4398 1337 4445 rere

219 4487 327 4560 sentis;
352 4486 510 4566 oportebat
533 4487 609 4548 enim
634 4494 677 4566 te,
700 4489 777 4551 sicut
800 4489 855 4550 Dei
879 4507 1010 4567 serrum,
1033 4490 1063 4550 in
1087 4489 1216 4552 veritate
1240 4490 1336 4551 umbu-

219 4590 300 4667 lare,
332 4597 361 4651 et
392 4590 494 4651 malam
518 4594 730 4654 conscientian
755 4612 821 4655 cum
844 4594 948 4675 spiritu
972 4594 1104 4656 renititis
1128 4612 1192 4658 non
1216 4595 1335 4675 conjun-

219 4715 310 4777 gere,
343 4714 399 4757 nec
431 4692 604 4758 ³tristitiam
629 4698 749 4779 Spiritui
772 4699 828 4761 Dei
850 4706 955 4760 sancte
980 4706 1010 4760 et
1033 4716 1107 4761 vero
1131 4698 1264 4764 lacere.“
1304 4694 1334 4757 Et

257 4848 284 4913 l)
303 4848 342 4899 Ex
361 4855 449 4903 Doctr·
471 4853 505 4903 nd
522 4854 640 4905 Antinoo.
663 4868 687 4904 n.
707 4851 731 4902 3.
795 4854 884 4904 noti
912 4854 1069 4905 monuimus:
1102 4852 1233 4912 um
1257 4855 1332 4924 [κίοσι

187 4950 195 4962 “
255 4935 283 4995 2)
303 4934 367 4986 Vide
379 4936 458 4988 inira:
477 4940 583 4991 locutus
594 4955 623 4990 ee
635 4942 707 5007 solea
717 4959 767 5008 pro
794 4950 973 4995 necatorem

220 5023 331 5087 rreyotiis
345 5026 408 5076 tuis.
439 5021 489 5075 Clr.
504 5040 569 5094 quae
582 5040 657 5092 supra
670 5042 694 5093 p.
706 5025 765 5077 324.
829 5026 857 5091 3)
876 5025 972 5096 Epiros.
991 5028 1018 5093 l,
1037 5025 1079 5079 30.
1100 5019 1107 5029 ’

103 5151 288 5293 λ
