<?xml version="1.0" encoding="UTF-8"?>
<!DOCTYPE html PUBLIC "-//W3C//DTD XHTML 1.0 Transitional//EN"
    "http://www.w3.org/TR/xhtml1/DTD/xhtml1-transitional.dtd">
<html xmlns="http://www.w3.org/1999/xhtml" xml:lang="en" lang="en">
 <head>
  <title>
</title>
<meta http-equiv="Content-Type" content="text/html;charset=utf-8" />
  <meta name='ocr-system' content='tesseract 3.04.00' />
  <meta name='ocr-capabilities' content='ocr_page ocr_carea ocr_par ocr_line ocrx_word'/>
</head>
<body>
  <div class='ocr_page' id='page_1' title='image "./patrumapostolic01hefegoog_0471.png"; bbox 0 0 3067 6450; ppageno 0'>
   <div class='ocr_carea' id='block_1_1' title="bbox 452 1155 1331 1229">
    <p class='ocr_par' dir='ltr' id='par_1_1' title="bbox 452 1155 1331 1229">
     <span class='ocr_line' id='line_1_1' title="bbox 452 1155 1331 1229; baseline 0.008 -19"><span class='ocrx_word' id='word_1_1' title='bbox 452 1155 591 1210; x_wconf 76' lang='grc' dir='ltr'><strong>ΗΕΙΙΙΙΑΕ</strong></span> <span class='ocrx_word' id='word_1_2' title='bbox 610 1156 744 1210; x_wconf 78' lang='lat' dir='ltr'><strong>PASTOR.</strong></span> <span class='ocrx_word' id='word_1_3' title='bbox 781 1156 878 1210; x_wconf 82' lang='grc' dir='ltr'>ΙΙΒΕΙΙ</span> <span class='ocrx_word' id='word_1_4' title='bbox 897 1157 915 1210; x_wconf 92' lang='grc' dir='ltr'><strong>Ι.</strong></span> <span class='ocrx_word' id='word_1_5' title='bbox 954 1155 1038 1212; x_wconf 89' lang='lat' dir='ltr'><strong>vtsto</strong></span> <span class='ocrx_word' id='word_1_6' title='bbox 1057 1159 1086 1213; x_wconf 93' lang='grc' dir='ltr'><strong>ΙΙ.</strong></span> <span class='ocrx_word' id='word_1_7' title='bbox 1267 1162 1331 1229; x_wconf 81' lang='grc'><strong>327</strong></span> 
     </span>
    </p>
   </div>
   <div class='ocr_carea' id='block_1_2' title="bbox 201 1316 1388 3799">
    <p class='ocr_par' dir='ltr' id='par_1_2' title="bbox 201 1316 1388 3799">
     <span class='ocr_line' id='line_1_2' title="bbox 295 1316 1332 1403; baseline 0.004 -23"><span class='ocrx_word' id='word_1_8' title='bbox 295 1317 329 1381; x_wconf 95' lang='grc' dir='ltr'><strong>ΙΙ.</strong></span> <span class='ocrx_word' id='word_1_9' title='bbox 367 1317 437 1381; x_wconf 93' lang='lat' dir='ltr'><strong>Post</strong></span> <span class='ocrx_word' id='word_1_10' title='bbox 460 1316 627 1400; x_wconf 90' lang='lat' dir='ltr'><strong>quindecim</strong></span> <span class='ocrx_word' id='word_1_11' title='bbox 651 1324 748 1380; x_wconf 89' lang='lat' dir='ltr'><strong>aulem</strong></span> <span class='ocrx_word' id='word_1_12' title='bbox 769 1317 843 1397; x_wconf 88' lang='lat' dir='ltr'><strong>dies,</strong></span> <span class='ocrx_word' id='word_1_13' title='bbox 866 1339 954 1401; x_wconf 92' lang='lat' dir='ltr'><strong>quum</strong></span> <span class='ocrx_word' id='word_1_14' title='bbox 973 1323 1168 1403; x_wconf 90' lang='lat' dir='ltr'><strong>jejunassem,</strong></span> <span class='ocrx_word' id='word_1_15' title='bbox 1191 1321 1332 1384; x_wconf 89' lang='lat' dir='ltr'><strong>multum-</strong></span> 
     </span>
     <span class='ocr_line' id='line_1_3' title="bbox 207 1422 1331 1507; baseline 0.001 -21"><span class='ocrx_word' id='word_1_16' title='bbox 207 1442 267 1505; x_wconf 91' lang='lat' dir='ltr'><strong>que</strong></span> <span class='ocrx_word' id='word_1_17' title='bbox 290 1440 446 1506; x_wconf 83' lang='lat' dir='ltr'>rogassem</span> <span class='ocrx_word' id='word_1_18' title='bbox 471 1423 644 1501; x_wconf 88' lang='lat' dir='ltr'><strong>Dominum,</strong></span> <span class='ocrx_word' id='word_1_19' title='bbox 667 1422 801 1484; x_wconf 89' lang='lat' dir='ltr'><strong>revelata</strong></span> <span class='ocrx_word' id='word_1_20' title='bbox 824 1428 870 1484; x_wconf 88' lang='lat' dir='ltr'><strong>est</strong></span> <span class='ocrx_word' id='word_1_21' title='bbox 893 1425 962 1486; x_wconf 85' lang='lat' dir='ltr'><strong>mibi</strong></span> <span class='ocrx_word' id='word_1_22' title='bbox 984 1427 1108 1488; x_wconf 89' lang='lat' dir='ltr'><strong>scientia</strong></span> <span class='ocrx_word' id='word_1_23' title='bbox 1134 1425 1331 1507; x_wconf 75' lang='lat' dir='ltr'><strong>&#39;scripturae</strong></span> 
     </span>
     <span class='ocr_line' id='line_1_4' title="bbox 205 1526 1331 1611; baseline 0.002 -21"><span class='ocrx_word' id='word_1_24' title='bbox 205 1526 280 1590; x_wconf 86' lang='lat' dir='ltr'><strong>Erat</strong></span> <span class='ocrx_word' id='word_1_25' title='bbox 303 1533 400 1588; x_wconf 91' lang='lat' dir='ltr'><strong>autem</strong></span> <span class='ocrx_word' id='word_1_26' title='bbox 424 1529 571 1608; x_wconf 88' lang='lat' dir='ltr'><strong>scriptura</strong></span> <span class='ocrx_word' id='word_1_27' title='bbox 595 1528 687 1591; x_wconf 90' lang='lat' dir='ltr'><strong>baec:</strong></span> <span class='ocrx_word' id='word_1_28' title='bbox 721 1544 849 1606; x_wconf 88' lang='lat' dir='ltr'><strong>,semen</strong></span> <span class='ocrx_word' id='word_1_29' title='bbox 874 1535 970 1606; x_wconf 91' lang='lat' dir='ltr'><strong>tuum,</strong></span> <span class='ocrx_word' id='word_1_30' title='bbox 1002 1529 1126 1608; x_wconf 89' lang='lat' dir='ltr'><strong>Herma,</strong></span> <span class='ocrx_word' id='word_1_31' title='bbox 1158 1529 1280 1611; x_wconf 82' lang='lat' dir='ltr'><strong>deliquit</strong></span> <span class='ocrx_word' id='word_1_32' title='bbox 1303 1532 1331 1592; x_wconf 91' lang='lat' dir='ltr'><strong>in</strong></span> 
     </span>
     <span class='ocr_line' id='line_1_5' title="bbox 206 1615 1331 1715; baseline 0.003 -21"><span class='ocrx_word' id='word_1_33' title='bbox 206 1632 383 1709; x_wconf 90' lang='lat' dir='ltr'><strong>Dominum,</strong></span> <span class='ocrx_word' id='word_1_34' title='bbox 417 1628 476 1692; x_wconf 75' lang='lat' dir='ltr'><strong>²et</strong></span> <span class='ocrx_word' id='word_1_35' title='bbox 505 1632 702 1713; x_wconf 90' lang='lat' dir='ltr'><strong>prodiderunt</strong></span> <span class='ocrx_word' id='word_1_36' title='bbox 731 1615 871 1712; x_wconf 82' lang='lat' dir='ltr'><strong>parentes</strong></span> <span class='ocrx_word' id='word_1_37' title='bbox 902 1650 975 1694; x_wconf 91' lang='lat' dir='ltr'><strong>suos</strong></span> <span class='ocrx_word' id='word_1_38' title='bbox 1008 1634 1036 1694; x_wconf 95' lang='lat' dir='ltr'><strong>in</strong></span> <span class='ocrx_word' id='word_1_39' title='bbox 1060 1635 1191 1714; x_wconf 88' lang='lat' dir='ltr'><strong>nequitia</strong></span> <span class='ocrx_word' id='word_1_40' title='bbox 1216 1652 1331 1715; x_wconf 84' lang='lat' dir='ltr'><strong>magna.</strong></span> 
     </span>
     <span class='ocr_line' id='line_1_6' title="bbox 205 1732 1331 1825; baseline 0 -27"><span class='ocrx_word' id='word_1_41' title='bbox 205 1737 244 1798; x_wconf 86' lang='lat' dir='ltr'><strong>Et</strong></span> <span class='ocrx_word' id='word_1_42' title='bbox 268 1732 453 1798; x_wconf 84' lang='lat' dir='ltr'><strong>³audierunt</strong></span> <span class='ocrx_word' id='word_1_43' title='bbox 477 1738 648 1816; x_wconf 78' lang='lat' dir='ltr'>proditores</span> <span class='ocrx_word' id='word_1_44' title='bbox 671 1743 836 1816; x_wconf 88' lang='lat' dir='ltr'><strong>parentum,</strong></span> <span class='ocrx_word' id='word_1_45' title='bbox 865 1741 894 1796; x_wconf 89' lang='lat' dir='ltr'><strong>et</strong></span> <span class='ocrx_word' id='word_1_46' title='bbox 913 1737 1077 1817; x_wconf 86' lang='lat' dir='ltr'><strong>prodentes</strong></span> <span class='ocrx_word' id='word_1_47' title='bbox 1101 1734 1331 1825; x_wconf 84' lang='lat' dir='ltr'><strong>⁴prolecerunt.</strong></span> 
     </span>
     <span class='ocr_line' id='line_1_7' title="bbox 207 1839 1332 1923; baseline -0.001 -18"><span class='ocrx_word' id='word_1_48' title='bbox 207 1839 267 1905; x_wconf 86' lang='lat' dir='ltr'><strong>Sed</strong></span> <span class='ocrx_word' id='word_1_49' title='bbox 291 1841 458 1902; x_wconf 91' lang='lat' dir='ltr'><strong>etiamnunc</strong></span> <span class='ocrx_word' id='word_1_50' title='bbox 482 1840 656 1923; x_wconf 77' lang='lat' dir='ltr'><strong>adJecerunt</strong></span> <span class='ocrx_word' id='word_1_51' title='bbox 678 1842 809 1922; x_wconf 89' lang='lat' dir='ltr'><strong>peccatis</strong></span> <span class='ocrx_word' id='word_1_52' title='bbox 839 1841 902 1901; x_wconf 90' lang='lat' dir='ltr'><strong>suis</strong></span> <span class='ocrx_word' id='word_1_53' title='bbox 932 1841 1069 1903; x_wconf 85' lang='lat' dir='ltr'><strong>libidines</strong></span> <span class='ocrx_word' id='word_1_54' title='bbox 1100 1848 1129 1903; x_wconf 92' lang='lat' dir='ltr'><strong>et</strong></span> <span class='ocrx_word' id='word_1_55' title='bbox 1158 1861 1332 1904; x_wconf 92' lang='lat' dir='ltr'><strong>commacu-</strong></span> 
     </span>
     <span class='ocr_line' id='line_1_8' title="bbox 205 1944 1332 2026; baseline 0.003 -21"><span class='ocrx_word' id='word_1_56' title='bbox 205 1944 333 2006; x_wconf 88' lang='lat' dir='ltr'><strong>lationes</strong></span> <span class='ocrx_word' id='word_1_57' title='bbox 367 1945 535 2025; x_wconf 72' lang='lat' dir='ltr'><strong>nequitiae,</strong></span> <span class='ocrx_word' id='word_1_58' title='bbox 573 1951 603 2008; x_wconf 92' lang='lat' dir='ltr'><strong>et</strong></span> <span class='ocrx_word' id='word_1_59' title='bbox 636 1947 680 2007; x_wconf 91' lang='lat' dir='ltr'><strong>sic</strong></span> <span class='ocrx_word' id='word_1_60' title='bbox 714 1944 910 2025; x_wconf 90' lang='lat' dir='ltr'><strong>impleverunt</strong></span> <span class='ocrx_word' id='word_1_61' title='bbox 944 1947 1112 2026; x_wconf 87' lang='lat' dir='ltr'><strong>iniquitates</strong></span> <span class='ocrx_word' id='word_1_62' title='bbox 1146 1964 1235 2008; x_wconf 86' lang='lat' dir='ltr'><strong>suas.</strong></span> <span class='ocrx_word' id='word_1_63' title='bbox 1271 1946 1332 2010; x_wconf 89' lang='lat' dir='ltr'><strong>Sed</strong></span> 
     </span>
     <span class='ocr_line' id='line_1_9' title="bbox 205 2049 1331 2132; baseline 0.003 -22"><span class='ocrx_word' id='word_1_64' title='bbox 205 2050 375 2130; x_wconf 88' lang='lat' dir='ltr'><strong>impropera</strong></span> <span class='ocrx_word' id='word_1_65' title='bbox 399 2051 491 2111; x_wconf 82' lang='lat' dir='ltr'><strong>verba</strong></span> <span class='ocrx_word' id='word_1_66' title='bbox 515 2049 589 2111; x_wconf 89' lang='lat' dir='ltr'><strong>baec</strong></span> <span class='ocrx_word' id='word_1_67' title='bbox 613 2049 679 2112; x_wconf 87' lang='lat' dir='ltr'><strong>liliis</strong></span> <span class='ocrx_word' id='word_1_68' title='bbox 703 2051 761 2112; x_wconf 86' lang='lat' dir='ltr'><strong>tuis</strong></span> <span class='ocrx_word' id='word_1_69' title='bbox 785 2050 921 2112; x_wconf 93' lang='lat' dir='ltr'><strong>omnibus</strong></span> <span class='ocrx_word' id='word_1_70' title='bbox 948 2056 978 2110; x_wconf 90' lang='lat' dir='ltr'><strong>et</strong></span> <span class='ocrx_word' id='word_1_71' title='bbox 1001 2052 1122 2132; x_wconf 85' lang='lat' dir='ltr'><strong>conjugi</strong></span> <span class='ocrx_word' id='word_1_72' title='bbox 1146 2058 1230 2129; x_wconf 90' lang='lat' dir='ltr'><strong>tuae,</strong></span> <span class='ocrx_word' id='word_1_73' title='bbox 1253 2069 1331 2131; x_wconf 86' lang='lat' dir='ltr'><strong>quae</strong></span> 
     </span>
     <span class='ocr_line' id='line_1_10' title="bbox 205 2150 1329 2237; baseline 0.003 -24"><span class='ocrx_word' id='word_1_74' title='bbox 205 2151 305 2214; x_wconf 87' lang='lat' dir='ltr'><strong>lutura</strong></span> <span class='ocrx_word' id='word_1_75' title='bbox 328 2159 374 2214; x_wconf 90' lang='lat' dir='ltr'><strong>est</strong></span> <span class='ocrx_word' id='word_1_76' title='bbox 398 2150 515 2216; x_wconf 80' lang='lat' dir='ltr'><strong>⁵soror</strong></span> <span class='ocrx_word' id='word_1_77' title='bbox 537 2162 596 2216; x_wconf 92' lang='lat' dir='ltr'><strong>tua.</strong></span> <span class='ocrx_word' id='word_1_78' title='bbox 641 2154 679 2216; x_wconf 84' lang='lat' dir='ltr'><strong>Et</strong></span> <span class='ocrx_word' id='word_1_79' title='bbox 701 2155 764 2235; x_wconf 90' lang='lat' dir='ltr'><strong>ipsa</strong></span> <span class='ocrx_word' id='word_1_80' title='bbox 788 2155 865 2214; x_wconf 90' lang='lat' dir='ltr'><strong>enim</strong></span> <span class='ocrx_word' id='word_1_81' title='bbox 889 2162 1057 2236; x_wconf 89' lang='lat' dir='ltr'><strong>compescat</strong></span> <span class='ocrx_word' id='word_1_82' title='bbox 1084 2156 1212 2237; x_wconf 84' lang='lat' dir='ltr'><strong>linguam</strong></span> <span class='ocrx_word' id='word_1_83' title='bbox 1236 2173 1329 2234; x_wconf 88' lang='lat' dir='ltr'><strong>suam,</strong></span> 
     </span>
     <span class='ocr_line' id='line_1_11' title="bbox 205 2257 1388 2339; baseline 0.003 -21"><span class='ocrx_word' id='word_1_84' title='bbox 205 2258 234 2318; x_wconf 92' lang='lat' dir='ltr'><strong>in</strong></span> <span class='ocrx_word' id='word_1_85' title='bbox 260 2276 317 2339; x_wconf 88' lang='lat' dir='ltr'><strong>quo</strong></span> <span class='ocrx_word' id='word_1_86' title='bbox 341 2257 532 2339; x_wconf 62' lang='lat' dir='ltr'><strong>malignatum</strong></span> <span class='ocrx_word' id='word_1_87' title='bbox 565 2267 594 2321; x_wconf 91' lang='lat' dir='ltr'><strong>et</strong></span> <span class='ocrx_word' id='word_1_88' title='bbox 617 2259 722 2320; x_wconf 92' lang='lat' dir='ltr'><strong>auditis</strong></span> <span class='ocrx_word' id='word_1_89' title='bbox 746 2259 846 2318; x_wconf 87' lang='lat' dir='ltr'><strong>verbis</strong></span> <span class='ocrx_word' id='word_1_90' title='bbox 870 2258 914 2319; x_wconf 89' lang='lat' dir='ltr'><strong>bis</strong></span> <span class='ocrx_word' id='word_1_91' title='bbox 938 2259 1101 2320; x_wconf 73' lang='lat' dir='ltr'><strong>continebit</strong></span> <span class='ocrx_word' id='word_1_92' title='bbox 1124 2277 1175 2338; x_wconf 92' lang='lat' dir='ltr'><strong>se,</strong></span> <span class='ocrx_word' id='word_1_93' title='bbox 1200 2264 1228 2319; x_wconf 86' lang='lat' dir='ltr'><strong>et</strong></span> <span class='ocrx_word' id='word_1_94' title='bbox 1251 2277 1329 2321; x_wconf 92' lang='lat' dir='ltr'><strong>con·</strong></span> <span class='ocrx_word' id='word_1_95' title='bbox 1386 2265 1388 2268; x_wconf 79' lang='grc'>’</span> 
     </span>
     <span class='ocr_line' id='line_1_12' title="bbox 206 2358 1329 2444; baseline 0.001 -21"><span class='ocrx_word' id='word_1_96' title='bbox 206 2367 349 2442; x_wconf 89' lang='lat' dir='ltr'><strong>sequetur</strong></span> <span class='ocrx_word' id='word_1_97' title='bbox 371 2362 614 2425; x_wconf 90' lang='lat' dir='ltr'><strong>miscricordiam.</strong></span> <span class='ocrx_word' id='word_1_98' title='bbox 653 2358 838 2424; x_wconf 83' lang='lat' dir='ltr'><strong>⁶Erudietur</strong></span> <span class='ocrx_word' id='word_1_99' title='bbox 854 2363 940 2440; x_wconf 88' lang='lat' dir='ltr'><strong>enim,</strong></span> <span class='ocrx_word' id='word_1_100' title='bbox 964 2372 1118 2444; x_wconf 81' lang='lat' dir='ltr'><strong>postquam</strong></span> <span class='ocrx_word' id='word_1_101' title='bbox 1140 2365 1329 2444; x_wconf 89' lang='lat' dir='ltr'><strong>impropera·</strong></span> 
     </span>
     <span class='ocr_line' id='line_1_13' title="bbox 205 2465 1385 2547; baseline 0.001 -19"><span class='ocrx_word' id='word_1_102' title='bbox 205 2468 287 2528; x_wconf 81' lang='lat' dir='ltr'><strong>neris</strong></span> <span class='ocrx_word' id='word_1_103' title='bbox 318 2465 358 2527; x_wconf 90' lang='lat' dir='ltr'><strong>illi</strong></span> <span class='ocrx_word' id='word_1_104' title='bbox 389 2467 464 2528; x_wconf 90' lang='lat' dir='ltr'><strong>baec</strong></span> <span class='ocrx_word' id='word_1_105' title='bbox 494 2467 603 2544; x_wconf 83' lang='lat' dir='ltr'><strong>verba,</strong></span> <span class='ocrx_word' id='word_1_106' title='bbox 636 2484 713 2547; x_wconf 90' lang='lat' dir='ltr'><strong>quae</strong></span> <span class='ocrx_word' id='word_1_107' title='bbox 746 2465 894 2528; x_wconf 83' lang='lat' dir='ltr'><strong>mandavit</strong></span> <span class='ocrx_word' id='word_1_108' title='bbox 923 2466 972 2528; x_wconf 88' lang='lat' dir='ltr'><strong>ille</strong></span> <span class='ocrx_word' id='word_1_109' title='bbox 1003 2466 1186 2545; x_wconf 70' lang='lat' dir='ltr'><strong>dominator3</strong></span> <span class='ocrx_word' id='word_1_110' title='bbox 1216 2474 1248 2529; x_wconf 91' lang='lat' dir='ltr'><strong>ut</strong></span> <span class='ocrx_word' id='word_1_111' title='bbox 1277 2468 1328 2529; x_wconf 91' lang='lat' dir='ltr'><strong>tibi</strong></span> <span class='ocrx_word' id='word_1_112' title='bbox 1382 2471 1385 2489; x_wconf 92' lang='lat'>&#39;</span> 
     </span>
     <span class='ocr_line' id='line_1_14' title="bbox 204 2569 1328 2655; baseline 0.004 -24"><span class='ocrx_word' id='word_1_113' title='bbox 204 2569 388 2631; x_wconf 79' lang='lat' dir='ltr'><strong>revelentur.</strong></span> <span class='ocrx_word' id='word_1_114' title='bbox 435 2570 517 2631; x_wconf 83' lang='lat' dir='ltr'><strong>Tunc</strong></span> <span class='ocrx_word' id='word_1_115' title='bbox 534 2570 719 2631; x_wconf 83' lang='lat' dir='ltr'><strong>remittentur</strong></span> <span class='ocrx_word' id='word_1_116' title='bbox 733 2570 789 2633; x_wconf 89' lang='lat' dir='ltr'><strong>illis</strong></span> <span class='ocrx_word' id='word_1_117' title='bbox 806 2577 937 2651; x_wconf 88' lang='lat' dir='ltr'><strong>peccata,</strong></span> <span class='ocrx_word' id='word_1_118' title='bbox 961 2591 1038 2653; x_wconf 91' lang='lat' dir='ltr'><strong>quae</strong></span> <span class='ocrx_word' id='word_1_119' title='bbox 1057 2573 1232 2655; x_wconf 89' lang='lat' dir='ltr'><strong>jampridem</strong></span> <span class='ocrx_word' id='word_1_120' title='bbox 1251 2592 1328 2654; x_wconf 90' lang='lat' dir='ltr'><strong>pec·</strong></span> 
     </span>
     <span class='ocr_line' id='line_1_15' title="bbox 204 2675 1328 2757; baseline 0.001 -20"><span class='ocrx_word' id='word_1_121' title='bbox 204 2681 358 2753; x_wconf 86' lang='lat' dir='ltr'><strong>caverunt,</strong></span> <span class='ocrx_word' id='word_1_122' title='bbox 376 2680 406 2737; x_wconf 90' lang='lat' dir='ltr'><strong>et</strong></span> <span class='ocrx_word' id='word_1_123' title='bbox 422 2675 557 2736; x_wconf 88' lang='lat' dir='ltr'><strong>omnibus</strong></span> <span class='ocrx_word' id='word_1_124' title='bbox 573 2676 693 2754; x_wconf 90' lang='lat' dir='ltr'><strong>sanctis,</strong></span> <span class='ocrx_word' id='word_1_125' title='bbox 713 2676 761 2756; x_wconf 93' lang='lat' dir='ltr'><strong>qui</strong></span> <span class='ocrx_word' id='word_1_126' title='bbox 778 2684 980 2757; x_wconf 88' lang='lat' dir='ltr'><strong>peccaverunt</strong></span> <span class='ocrx_word' id='word_1_127' title='bbox 996 2695 1090 2757; x_wconf 92' lang='lat' dir='ltr'><strong>usque</strong></span> <span class='ocrx_word' id='word_1_128' title='bbox 1106 2679 1135 2738; x_wconf 90' lang='lat' dir='ltr'><strong>in</strong></span> <span class='ocrx_word' id='word_1_129' title='bbox 1152 2675 1328 2739; x_wconf 90' lang='lat' dir='ltr'><strong>hodiernum</strong></span> 
     </span>
     <span class='ocr_line' id='line_1_16' title="bbox 204 2762 1329 2861; baseline 0.001 -20"><span class='ocrx_word' id='word_1_130' title='bbox 204 2778 293 2856; x_wconf 90' lang='lat' dir='ltr'><strong>diem,</strong></span> <span class='ocrx_word' id='word_1_131' title='bbox 316 2779 343 2840; x_wconf 91' lang='lat' dir='ltr'><strong>si</strong></span> <span class='ocrx_word' id='word_1_132' title='bbox 364 2797 403 2840; x_wconf 81' lang='lat' dir='ltr'><strong>ex</strong></span> <span class='ocrx_word' id='word_1_133' title='bbox 426 2778 602 2841; x_wconf 89' lang='lat' dir='ltr'><strong>totocorde</strong></span> <span class='ocrx_word' id='word_1_134' title='bbox 625 2795 680 2840; x_wconf 91' lang='lat' dir='ltr'><strong>suo</strong></span> <span class='ocrx_word' id='word_1_135' title='bbox 704 2780 822 2861; x_wconf 82' lang='lat' dir='ltr'><strong>egerint</strong></span> <span class='ocrx_word' id='word_1_136' title='bbox 844 2762 1070 2859; x_wconf 79' lang='lat' dir='ltr'><strong>poenitentiam,</strong></span> <span class='ocrx_word' id='word_1_137' title='bbox 1103 2787 1132 2841; x_wconf 94' lang='lat' dir='ltr'><strong>et</strong></span> <span class='ocrx_word' id='word_1_138' title='bbox 1155 2780 1329 2842; x_wconf 81' lang='lat' dir='ltr'><strong>abstulerint</strong></span> 
     </span>
     <span class='ocr_line' id='line_1_17' title="bbox 203 2883 1327 2965; baseline -0.002 -17"><span class='ocrx_word' id='word_1_139' title='bbox 203 2903 220 2948; x_wconf 88' lang='lat' dir='ltr'><strong>a</strong></span> <span class='ocrx_word' id='word_1_140' title='bbox 245 2883 385 2946; x_wconf 86' lang='lat' dir='ltr'><strong>cordibus</strong></span> <span class='ocrx_word' id='word_1_141' title='bbox 408 2885 470 2946; x_wconf 89' lang='lat' dir='ltr'><strong>suis</strong></span> <span class='ocrx_word' id='word_1_142' title='bbox 494 2884 700 2947; x_wconf 86' lang='lat' dir='ltr'><strong>dubitationes.</strong></span> <span class='ocrx_word' id='word_1_143' title='bbox 745 2884 863 2946; x_wconf 81' lang='lat' dir='ltr'><strong>duravit</strong></span> <span class='ocrx_word' id='word_1_144' title='bbox 892 2884 968 2944; x_wconf 92' lang='lat' dir='ltr'><strong>enim</strong></span> <span class='ocrx_word' id='word_1_145' title='bbox 1001 2884 1166 2947; x_wconf 87' lang='lat' dir='ltr'><strong>dominator</strong></span> <span class='ocrx_word' id='word_1_146' title='bbox 1196 2884 1246 2946; x_wconf 84' lang='lat' dir='ltr'><strong>itte</strong></span> <span class='ocrx_word' id='word_1_147' title='bbox 1273 2903 1327 2965; x_wconf 91' lang='lat' dir='ltr'><strong>per</strong></span> 
     </span>
     <span class='ocr_line' id='line_1_18' title="bbox 202 2982 1327 3072; baseline 0 -22"><span class='ocrx_word' id='word_1_148' title='bbox 202 2989 329 3072; x_wconf 79' lang='lat' dir='ltr'><strong>glorium</strong></span> <span class='ocrx_word' id='word_1_149' title='bbox 352 3005 434 3050; x_wconf 91' lang='lat' dir='ltr'><strong>suam</strong></span> <span class='ocrx_word' id='word_1_150' title='bbox 457 3006 549 3070; x_wconf 89' lang='lat' dir='ltr'><strong>super</strong></span> <span class='ocrx_word' id='word_1_151' title='bbox 571 2987 684 3050; x_wconf 89' lang='lat' dir='ltr'><strong>electos</strong></span> <span class='ocrx_word' id='word_1_152' title='bbox 708 3006 791 3065; x_wconf 93' lang='lat' dir='ltr'><strong>suos,</strong></span> <span class='ocrx_word' id='word_1_153' title='bbox 817 2982 990 3068; x_wconf 79' lang='lat' dir='ltr'><strong>⁷praelinita</strong></span> <span class='ocrx_word' id='word_1_154' title='bbox 1007 2990 1061 3050; x_wconf 90' lang='lat' dir='ltr'><strong>ista</strong></span> <span class='ocrx_word' id='word_1_155' title='bbox 1079 2988 1136 3066; x_wconf 88' lang='lat' dir='ltr'><strong>die,</strong></span> <span class='ocrx_word' id='word_1_156' title='bbox 1160 2989 1327 3051; x_wconf 88' lang='lat' dir='ltr'><strong>etiamnunc</strong></span> 
     </span>
     <span class='ocr_line' id='line_1_19' title="bbox 201 3090 1327 3173; baseline -0.001 -18"><span class='ocrx_word' id='word_1_157' title='bbox 201 3093 229 3156; x_wconf 93' lang='lat' dir='ltr'><strong>si</strong></span> <span class='ocrx_word' id='word_1_158' title='bbox 255 3093 433 3172; x_wconf 67' lang='lat' dir='ltr'><strong>peccaveritv</strong></span> <span class='ocrx_word' id='word_1_159' title='bbox 446 3092 561 3173; x_wconf 88' lang='lat' dir='ltr'><strong>aliquis,</strong></span> <span class='ocrx_word' id='word_1_160' title='bbox 584 3109 644 3153; x_wconf 93' lang='lat' dir='ltr'><strong>non</strong></span> <span class='ocrx_word' id='word_1_161' title='bbox 668 3090 832 3153; x_wconf 86' lang='lat' dir='ltr'><strong>habiturum</strong></span> <span class='ocrx_word' id='word_1_162' title='bbox 852 3092 930 3153; x_wconf 93' lang='lat' dir='ltr'><strong>illum</strong></span> <span class='ocrx_word' id='word_1_163' title='bbox 950 3092 1082 3153; x_wconf 91' lang='lat' dir='ltr'><strong>salutem.</strong></span> <span class='ocrx_word' id='word_1_164' title='bbox 1124 3092 1327 3155; x_wconf 86' lang='lat' dir='ltr'><strong>Paenitentiaa</strong></span> 
     </span>
     <span class='ocr_line' id='line_1_20' title="bbox 205 3195 1327 3278; baseline -0.001 -18"><span class='ocrx_word' id='word_1_165' title='bbox 205 3196 285 3260; x_wconf 90' lang='lat' dir='ltr'><strong>enim</strong></span> <span class='ocrx_word' id='word_1_166' title='bbox 315 3198 464 3278; x_wconf 92' lang='lat' dir='ltr'><strong>justorum</strong></span> <span class='ocrx_word' id='word_1_167' title='bbox 500 3195 607 3258; x_wconf 91' lang='lat' dir='ltr'><strong>babent</strong></span> <span class='ocrx_word' id='word_1_168' title='bbox 640 3195 723 3258; x_wconf 88' lang='lat' dir='ltr'><strong>fines.</strong></span> <span class='ocrx_word' id='word_1_169' title='bbox 778 3195 891 3276; x_wconf 87' lang='lat' dir='ltr'><strong>impleti</strong></span> <span class='ocrx_word' id='word_1_170' title='bbox 923 3203 991 3259; x_wconf 76' lang='lat' dir='ltr'><strong>siunt</strong></span> <span class='ocrx_word' id='word_1_171' title='bbox 1027 3196 1091 3259; x_wconf 90' lang='lat' dir='ltr'><strong>dies</strong></span> <span class='ocrx_word' id='word_1_172' title='bbox 1125 3199 1327 3278; x_wconf 88' lang='lat' dir='ltr'><strong>poenitentiae</strong></span> 
     </span>
     <span class='ocr_line' id='line_1_21' title="bbox 205 3301 1326 3382; baseline -0.002 -17"><span class='ocrx_word' id='word_1_173' title='bbox 205 3302 343 3365; x_wconf 91' lang='lat' dir='ltr'><strong>omnibus</strong></span> <span class='ocrx_word' id='word_1_174' title='bbox 366 3301 495 3376; x_wconf 81' lang='lat' dir='ltr'><strong>sanetis3</strong></span> <span class='ocrx_word' id='word_1_175' title='bbox 517 3301 655 3382; x_wconf 79' lang='lat' dir='ltr'><strong>gentibus</strong></span> <span class='ocrx_word' id='word_1_176' title='bbox 678 3307 774 3362; x_wconf 89' lang='lat' dir='ltr'><strong>autem</strong></span> <span class='ocrx_word' id='word_1_177' title='bbox 799 3302 979 3382; x_wconf 90' lang='lat' dir='ltr'><strong>poenitentia</strong></span> <span class='ocrx_word' id='word_1_178' title='bbox 1000 3304 1142 3382; x_wconf 90' lang='lat' dir='ltr'><strong>usquein</strong></span> <span class='ocrx_word' id='word_1_179' title='bbox 1164 3302 1326 3363; x_wconf 87' lang='lat' dir='ltr'><strong>novissimo</strong></span> 
     </span>
     <span class='ocr_line' id='line_1_22' title="bbox 206 3404 1326 3487; baseline -0.001 -20"><span class='ocrx_word' id='word_1_180' title='bbox 206 3405 265 3467; x_wconf 91' lang='lat' dir='ltr'><strong>die.</strong></span> <span class='ocrx_word' id='word_1_181' title='bbox 310 3404 397 3476; x_wconf 86' lang='lat' dir='ltr'><strong>Dices</strong></span> <span class='ocrx_word' id='word_1_182' title='bbox 428 3422 504 3487; x_wconf 80' lang='lat' dir='ltr'><strong>ergo</strong></span> <span class='ocrx_word' id='word_1_183' title='bbox 535 3404 597 3481; x_wconf 90' lang='lat' dir='ltr'><strong>eis,</strong></span> <span class='ocrx_word' id='word_1_184' title='bbox 627 3405 677 3484; x_wconf 94' lang='lat' dir='ltr'><strong>qui</strong></span> <span class='ocrx_word' id='word_1_185' title='bbox 700 3411 841 3486; x_wconf 87' lang='lat' dir='ltr'><strong>praesunt</strong></span> <span class='ocrx_word' id='word_1_186' title='bbox 867 3405 1028 3478; x_wconf 88' lang='lat' dir='ltr'><strong>ecclesiae,</strong></span> <span class='ocrx_word' id='word_1_187' title='bbox 1059 3412 1091 3467; x_wconf 90' lang='lat' dir='ltr'><strong>ut</strong></span> <span class='ocrx_word' id='word_1_188' title='bbox 1113 3406 1241 3487; x_wconf 84' lang='lat' dir='ltr'><strong>dirigant</strong></span> <span class='ocrx_word' id='word_1_189' title='bbox 1265 3407 1326 3466; x_wconf 86' lang='lat' dir='ltr'><strong>vias</strong></span> 
     </span>
     <span class='ocr_line' id='line_1_23' title="bbox 203 3508 1326 3592; baseline -0.003 -19"><span class='ocrx_word' id='word_1_190' title='bbox 203 3527 276 3573; x_wconf 88' lang='lat' dir='ltr'><strong>suas</strong></span> <span class='ocrx_word' id='word_1_191' title='bbox 298 3511 328 3571; x_wconf 93' lang='lat' dir='ltr'><strong>in</strong></span> <span class='ocrx_word' id='word_1_192' title='bbox 348 3510 471 3592; x_wconf 89' lang='lat' dir='ltr'><strong>justitia,</strong></span> <span class='ocrx_word' id='word_1_193' title='bbox 494 3515 526 3570; x_wconf 91' lang='lat' dir='ltr'><strong>ut</strong></span> <span class='ocrx_word' id='word_1_194' title='bbox 548 3510 692 3589; x_wconf 89' lang='lat' dir='ltr'><strong>recipiant</strong></span> <span class='ocrx_word' id='word_1_195' title='bbox 714 3511 743 3571; x_wconf 90' lang='lat' dir='ltr'><strong>in</strong></span> <span class='ocrx_word' id='word_1_196' title='bbox 767 3510 856 3590; x_wconf 91' lang='lat' dir='ltr'><strong>pleno</strong></span> <span class='ocrx_word' id='word_1_197' title='bbox 876 3509 1139 3589; x_wconf 85' lang='lat' dir='ltr'><strong>repromissionem</strong></span> <span class='ocrx_word' id='word_1_198' title='bbox 1156 3528 1220 3570; x_wconf 90' lang='lat' dir='ltr'><strong>cum</strong></span> <span class='ocrx_word' id='word_1_199' title='bbox 1238 3508 1326 3570; x_wconf 91' lang='lat' dir='ltr'><strong>multa</strong></span> 
     </span>
     <span class='ocr_line' id='line_1_24' title="bbox 203 3612 1325 3696; baseline -0.002 -21"><span class='ocrx_word' id='word_1_200' title='bbox 203 3613 310 3696; x_wconf 81' lang='lat' dir='ltr'><strong>gloria.</strong></span> <span class='ocrx_word' id='word_1_201' title='bbox 355 3612 530 3675; x_wconf 89' lang='lat' dir='ltr'><strong>Permanete</strong></span> <span class='ocrx_word' id='word_1_202' title='bbox 552 3631 643 3693; x_wconf 86' lang='lat' dir='ltr'><strong>ergo,</strong></span> <span class='ocrx_word' id='word_1_203' title='bbox 668 3614 717 3693; x_wconf 92' lang='lat' dir='ltr'><strong>qui</strong></span> <span class='ocrx_word' id='word_1_204' title='bbox 741 3614 903 3694; x_wconf 88' lang='lat' dir='ltr'><strong>operamini</strong></span> <span class='ocrx_word' id='word_1_205' title='bbox 924 3614 1083 3695; x_wconf 80' lang='lat' dir='ltr'><strong>Justitiam,</strong></span> <span class='ocrx_word' id='word_1_206' title='bbox 1109 3614 1205 3674; x_wconf 88' lang='lat' dir='ltr'><strong>etsie</strong></span> <span class='ocrx_word' id='word_1_207' title='bbox 1229 3612 1325 3690; x_wconf 89' lang='lat' dir='ltr'><strong>lacite,</strong></span> 
     </span>
     <span class='ocr_line' id='line_1_25' title="bbox 202 3714 1325 3799; baseline -0.003 -19"><span class='ocrx_word' id='word_1_208' title='bbox 202 3725 236 3780; x_wconf 92' lang='lat' dir='ltr'><strong>ut</strong></span> <span class='ocrx_word' id='word_1_209' title='bbox 259 3718 297 3780; x_wconf 90' lang='lat' dir='ltr'><strong>sit</strong></span> <span class='ocrx_word' id='word_1_210' title='bbox 319 3714 488 3780; x_wconf 80' lang='lat' dir='ltr'><strong>⁸transitus</strong></span> <span class='ocrx_word' id='word_1_211' title='bbox 513 3724 616 3779; x_wconf 88' lang='lat' dir='ltr'><strong>vester</strong></span> <span class='ocrx_word' id='word_1_212' title='bbox 637 3735 703 3779; x_wconf 92' lang='lat' dir='ltr'><strong>cum</strong></span> <span class='ocrx_word' id='word_1_213' title='bbox 726 3719 835 3780; x_wconf 87' lang='lat' dir='ltr'><strong>sanctis</strong></span> <span class='ocrx_word' id='word_1_214' title='bbox 859 3718 983 3799; x_wconf 86' lang='lat' dir='ltr'><strong>angelis.</strong></span> <span class='ocrx_word' id='word_1_215' title='bbox 1027 3716 1143 3778; x_wconf 81' lang='lat' dir='ltr'><strong>Felices</strong></span> <span class='ocrx_word' id='word_1_216' title='bbox 1167 3733 1232 3793; x_wconf 90' lang='lat' dir='ltr'><strong>vos,</strong></span> <span class='ocrx_word' id='word_1_217' title='bbox 1255 3717 1325 3797; x_wconf 93' lang='lat' dir='ltr'><strong>qui-</strong></span> 
     </span>
    </p>
   </div>
   <div class='ocr_carea' id='block_1_3' title="bbox 199 3938 1326 4959">
    <p class='ocr_par' dir='ltr' id='par_1_3' title="bbox 241 3938 1115 4010">
     <span class='ocr_line' id='line_1_26' title="bbox 241 3938 1115 4010; baseline 0 -19"><span class='ocrx_word' id='word_1_218' title='bbox 241 3941 268 4010; x_wconf 91' lang='grc' dir='ltr'><strong>Ι)</strong></span> <span class='ocrx_word' id='word_1_219' title='bbox 287 3939 328 3993; x_wconf 88' lang='lat' dir='ltr'><strong>Sc.</strong></span> <span class='ocrx_word' id='word_1_220' title='bbox 347 3939 412 3991; x_wconf 85' lang='lat' dir='ltr'><strong>illius</strong></span> <span class='ocrx_word' id='word_1_221' title='bbox 429 3938 524 4005; x_wconf 85' lang='lat' dir='ltr'><strong>libelli,</strong></span> <span class='ocrx_word' id='word_1_222' title='bbox 543 3941 601 3992; x_wconf 89' lang='lat' dir='ltr'><strong>mibi</strong></span> <span class='ocrx_word' id='word_1_223' title='bbox 620 3942 679 3994; x_wconf 90' lang='lat' dir='ltr'><strong>dati.</strong></span> <span class='ocrx_word' id='word_1_224' title='bbox 812 3942 843 4004; x_wconf 79' lang='grc'><strong>6)</strong></span> <span class='ocrx_word' id='word_1_225' title='bbox 862 3941 880 3993; x_wconf 91' lang='grc' dir='ltr'><strong>Ι.</strong></span> <span class='ocrx_word' id='word_1_226' title='bbox 900 3959 923 3995; x_wconf 85' lang='lat' dir='ltr'><strong>o.</strong></span> <span class='ocrx_word' id='word_1_227' title='bbox 945 3959 975 3996; x_wconf 85' lang='lat' dir='ltr'><strong>ss</strong></span> <span class='ocrx_word' id='word_1_228' title='bbox 993 3943 1115 4010; x_wconf 62' lang='lat' dir='ltr'><strong>corriget.</strong></span> 
     </span>
    </p>

    <p class='ocr_par' dir='ltr' id='par_1_4' title="bbox 199 4023 1325 4443">
     <span class='ocr_line' id='line_1_27' title="bbox 238 4023 1325 4097; baseline -0.003 -19"><span class='ocrx_word' id='word_1_229' title='bbox 238 4027 268 4096; x_wconf 82' lang='lat'><strong>2)</strong></span> <span class='ocrx_word' id='word_1_230' title='bbox 287 4027 365 4078; x_wconf 81' lang='lat' dir='ltr'><strong>Forte</strong></span> <span class='ocrx_word' id='word_1_231' title='bbox 383 4026 427 4078; x_wconf 88' lang='lat' dir='ltr'><strong>lilii</strong></span> <span class='ocrx_word' id='word_1_232' title='bbox 445 4028 484 4078; x_wconf 87' lang='lat' dir='ltr'><strong>isti</strong></span> <span class='ocrx_word' id='word_1_233' title='bbox 497 4036 617 4094; x_wconf 85' lang='lat' dir='ltr'><strong>parentes</strong></span> <span class='ocrx_word' id='word_1_234' title='bbox 629 4044 687 4080; x_wconf 87' lang='lat' dir='ltr'><strong>auos</strong></span> <span class='ocrx_word' id='word_1_235' title='bbox 701 4028 749 4080; x_wconf 88' lang='lat' dir='ltr'><strong>de·</strong></span> <span class='ocrx_word' id='word_1_236' title='bbox 813 4031 842 4097; x_wconf 82' lang='lat'><strong>7)</strong></span> <span class='ocrx_word' id='word_1_237' title='bbox 861 4028 908 4081; x_wconf 86' lang='lat' dir='ltr'><strong>Dis</strong></span> <span class='ocrx_word' id='word_1_238' title='bbox 927 4028 1016 4095; x_wconf 83' lang='lat' dir='ltr'><strong>judicii</strong></span> <span class='ocrx_word' id='word_1_239' title='bbox 1034 4042 1108 4078; x_wconf 87' lang='lat' dir='ltr'><strong>nemo</strong></span> <span class='ocrx_word' id='word_1_240' title='bbox 1128 4024 1239 4077; x_wconf 85' lang='lat' dir='ltr'><strong>fidelium</strong></span> <span class='ocrx_word' id='word_1_241' title='bbox 1254 4023 1325 4076; x_wconf 75' lang='lat' dir='ltr'><strong>sulu-</strong></span> 
     </span>
     <span class='ocr_line' id='line_1_28' title="bbox 200 4112 1325 4184; baseline -0.004 -17"><span class='ocrx_word' id='word_1_242' title='bbox 200 4116 353 4168; x_wconf 80' lang='lat' dir='ltr'><strong>uuncisrunt</strong></span> <span class='ocrx_word' id='word_1_243' title='bbox 370 4113 435 4182; x_wconf 87' lang='lat' dir='ltr'><strong>apud</strong></span> <span class='ocrx_word' id='word_1_244' title='bbox 452 4116 611 4184; x_wconf 75' lang='lat' dir='ltr'><strong>magistratus</strong></span> <span class='ocrx_word' id='word_1_245' title='bbox 627 4131 748 4184; x_wconf 77' lang='lat' dir='ltr'><strong>paganos.</strong></span> <span class='ocrx_word' id='word_1_246' title='bbox 778 4126 827 4167; x_wconf 86' lang='lat' dir='ltr'><strong>tem</strong></span> <span class='ocrx_word' id='word_1_247' title='bbox 859 4123 1044 4182; x_wconf 82' lang='lat' dir='ltr'><strong>consequetur,</strong></span> <span class='ocrx_word' id='word_1_248' title='bbox 1075 4114 1117 4180; x_wconf 91' lang='lat' dir='ltr'><strong>qui</strong></span> <span class='ocrx_word' id='word_1_249' title='bbox 1147 4128 1214 4163; x_wconf 88' lang='lat' dir='ltr'><strong>nunc</strong></span> <span class='ocrx_word' id='word_1_250' title='bbox 1240 4112 1325 4163; x_wconf 84' lang='lat' dir='ltr'><strong>adbuc</strong></span> 
     </span>
     <span class='ocr_line' id='line_1_29' title="bbox 202 4198 1325 4269; baseline -0.001 -18"><span class='ocrx_word' id='word_1_251' title='bbox 202 4199 254 4252; x_wconf 81' lang='lat' dir='ltr'><strong>co.</strong></span> <span class='ocrx_word' id='word_1_252' title='bbox 274 4203 430 4269; x_wconf 63' lang='grc' dir='ltr'><strong>ΙΙΙΙςιπῐιΙιΙ,</strong></span> <span class='ocrx_word' id='word_1_253' title='bbox 450 4200 465 4251; x_wconf 95' lang='grc' dir='ltr'><strong>Ι.</strong></span> <span class='ocrx_word' id='word_1_254' title='bbox 482 4216 503 4250; x_wconf 89' lang='lat' dir='ltr'><strong>c.</strong></span> <span class='ocrx_word' id='word_1_255' title='bbox 522 4216 547 4268; x_wconf 90' lang='lat' dir='ltr'><strong>p.</strong></span> <span class='ocrx_word' id='word_1_256' title='bbox 563 4201 610 4250; x_wconf 82' lang='lat'><strong>127</strong></span> <span class='ocrx_word' id='word_1_257' title='bbox 623 4218 660 4269; x_wconf 84' lang='lat' dir='ltr'><strong>oq.</strong></span> <span class='ocrx_word' id='word_1_258' title='bbox 697 4200 748 4253; x_wconf 85' lang='lat' dir='ltr'><strong>cn.</strong></span> <span class='ocrx_word' id='word_1_259' title='bbox 777 4209 874 4269; x_wconf 88' lang='lat' dir='ltr'><strong>peccat.</strong></span> <span class='ocrx_word' id='word_1_260' title='bbox 920 4198 971 4250; x_wconf 88' lang='lat' dir='ltr'><strong>Clr.</strong></span> <span class='ocrx_word' id='word_1_261' title='bbox 997 4199 1045 4249; x_wconf 84' lang='lat' dir='ltr'><strong>Vis.</strong></span> <span class='ocrx_word' id='word_1_262' title='bbox 1065 4198 1114 4262; x_wconf 96' lang='grc' dir='ltr'>ΙΙΙ,</span> <span class='ocrx_word' id='word_1_263' title='bbox 1135 4198 1166 4248; x_wconf 81' lang='lat'><strong>2:</strong></span> <span class='ocrx_word' id='word_1_264' title='bbox 1196 4202 1224 4250; x_wconf 86' lang='lat' dir='ltr'><strong>s&#39;n</strong></span> <span class='ocrx_word' id='word_1_265' title='bbox 1254 4204 1325 4252; x_wconf 83' lang='lat' dir='ltr'><strong>bunc</strong></span> 
     </span>
     <span class='ocr_line' id='line_1_30' title="bbox 201 4284 1323 4361; baseline 0.001 -24"><span class='ocrx_word' id='word_1_266' title='bbox 201 4285 256 4338; x_wconf 74' lang='lat' dir='ltr'><strong>Vis.</strong></span> <span class='ocrx_word' id='word_1_267' title='bbox 268 4285 338 4349; x_wconf 81' lang='lat' dir='ltr'><strong>ll,3:</strong></span> <span class='ocrx_word' id='word_1_268' title='bbox 353 4290 749 4361; x_wconf 18' lang='lat' dir='ltr'><strong>stoti&#39;meminisssinjuriarum</strong></span> <span class='ocrx_word' id='word_1_269' title='bbox 777 4292 861 4352; x_wconf 81' lang='lat' dir='ltr'><strong>diem,</strong></span> <span class='ocrx_word' id='word_1_270' title='bbox 886 4293 911 4336; x_wconf 88' lang='lat' dir='ltr'><strong>at</strong></span> <span class='ocrx_word' id='word_1_271' title='bbox 930 4285 979 4336; x_wconf 85' lang='lat' dir='ltr'><strong>llis.</strong></span> <span class='ocrx_word' id='word_1_272' title='bbox 998 4284 1040 4348; x_wconf 96' lang='grc' dir='ltr'>ΙΙΙ,</span> <span class='ocrx_word' id='word_1_273' title='bbox 1060 4285 1089 4334; x_wconf 85' lang='lat'><strong>5:</strong></span> <span class='ocrx_word' id='word_1_274' title='bbox 1113 4288 1141 4338; x_wconf 74' lang='grc' dir='ltr'><strong>ει·</strong></span> <span class='ocrx_word' id='word_1_275' title='bbox 1164 4302 1234 4338; x_wconf 78' lang='lat' dir='ltr'><strong>nasac</strong></span> <span class='ocrx_word' id='word_1_276' title='bbox 1256 4302 1323 4353; x_wconf 77' lang='lat' dir='ltr'><strong>pac-</strong></span> 
     </span>
     <span class='ocr_line' id='line_1_31' title="bbox 199 4373 1325 4443; baseline -0.004 -17"><span class='ocrx_word' id='word_1_277' title='bbox 199 4377 316 4443; x_wconf 69' lang='lat' dir='ltr'><strong>fils&#39;orum</strong></span> <span class='ocrx_word' id='word_1_278' title='bbox 335 4382 448 4427; x_wconf 78' lang='lat' dir='ltr'><strong>tuorum.</strong></span> <span class='ocrx_word' id='word_1_279' title='bbox 769 4377 912 4426; x_wconf 74' lang='lat' dir='ltr'><strong>&#39;nitentium</strong></span> <span class='ocrx_word' id='word_1_280' title='bbox 938 4375 1052 4441; x_wconf 74' lang='lat' dir='ltr'><strong>aperiat,</strong></span> <span class='ocrx_word' id='word_1_281' title='bbox 1083 4373 1145 4425; x_wconf 83' lang='lat' dir='ltr'><strong>dum</strong></span> <span class='ocrx_word' id='word_1_282' title='bbox 1171 4373 1325 4440; x_wconf 72' lang='lat' dir='ltr'><strong>aedificatur</strong></span> 
     </span>
    </p>

    <p class='ocr_par' dir='ltr' id='par_1_5' title="bbox 237 4457 1326 4523">
     <span class='ocr_line' id='line_1_32' title="bbox 237 4457 1326 4523; baseline -0.004 -12"><span class='ocrx_word' id='word_1_283' title='bbox 237 4459 265 4523; x_wconf 76' lang='lat'><strong>3)</strong></span> <span class='ocrx_word' id='word_1_284' title='bbox 284 4457 303 4509; x_wconf 94' lang='grc' dir='ltr'><strong>Ι.</strong></span> <span class='ocrx_word' id='word_1_285' title='bbox 322 4474 346 4510; x_wconf 82' lang='lat' dir='ltr'><strong>e.</strong></span> <span class='ocrx_word' id='word_1_286' title='bbox 365 4463 576 4513; x_wconf 73' lang='lat' dir='ltr'><strong>admittebantur.</strong></span> <span class='ocrx_word' id='word_1_287' title='bbox 777 4462 877 4520; x_wconf 79' lang='lat' dir='ltr'><strong>turris,</strong></span> <span class='ocrx_word' id='word_1_288' title='bbox 904 4475 965 4509; x_wconf 79' lang='lat' dir='ltr'><strong>nem</strong></span> <span class='ocrx_word' id='word_1_289' title='bbox 988 4460 1016 4510; x_wconf 82' lang='lat' dir='ltr'><strong>si</strong></span> <span class='ocrx_word' id='word_1_290' title='bbox 1040 4466 1221 4511; x_wconf 82' lang='lat' dir='ltr'><strong>consummata</strong></span> <span class='ocrx_word' id='word_1_291' title='bbox 1241 4459 1326 4523; x_wconf 77' lang='lat' dir='ltr'><strong>fuerit</strong></span> 
     </span>
    </p>

    <p class='ocr_par' dir='ltr' id='par_1_6' title="bbox 235 4531 1324 4614">
     <span class='ocr_line' id='line_1_33' title="bbox 235 4531 1324 4614; baseline -0.003 -17"><span class='ocrx_word' id='word_1_292' title='bbox 235 4546 264 4609; x_wconf 82' lang='grc'><strong>4)</strong></span> <span class='ocrx_word' id='word_1_293' title='bbox 284 4531 303 4596; x_wconf 93' lang='grc' dir='ltr'><strong>Ι.</strong></span> <span class='ocrx_word' id='word_1_294' title='bbox 319 4561 344 4597; x_wconf 82' lang='lat' dir='ltr'><strong>a.</strong></span> <span class='ocrx_word' id='word_1_295' title='bbox 361 4549 649 4614; x_wconf 76' lang='lat' dir='ltr'><strong>ouoeomntncquita&#39;am</strong></span> <span class='ocrx_word' id='word_1_296' title='bbox 661 4563 747 4601; x_wconf 78' lang='lat' dir='ltr'><strong>mom.</strong></span> <span class='ocrx_word' id='word_1_297' title='bbox 776 4554 933 4608; x_wconf 82' lang='lat' dir='ltr'><strong>structura,</strong></span> <span class='ocrx_word' id='word_1_298' title='bbox 969 4545 1030 4611; x_wconf 71' lang='lat' dir='ltr'><strong>jasa</strong></span> <span class='ocrx_word' id='word_1_299' title='bbox 1064 4547 1126 4614; x_wconf 79' lang='lat' dir='ltr'><strong>quia</strong></span> <span class='ocrx_word' id='word_1_300' title='bbox 1161 4561 1215 4596; x_wconf 81' lang='lat' dir='ltr'><strong>nost</strong></span> <span class='ocrx_word' id='word_1_301' title='bbox 1249 4545 1324 4596; x_wconf 82' lang='lat' dir='ltr'><strong>belet</strong></span> 
     </span>
    </p>

    <p class='ocr_par' dir='ltr' id='par_1_7' title="bbox 236 4630 870 4700">
     <span class='ocr_line' id='line_1_34' title="bbox 236 4630 870 4700; baseline -0.002 -18"><span class='ocrx_word' id='word_1_302' title='bbox 236 4632 265 4696; x_wconf 84' lang='lat'><strong>5)</strong></span> <span class='ocrx_word' id='word_1_303' title='bbox 285 4630 344 4683; x_wconf 86' lang='lat' dir='ltr'><strong>Scil.</strong></span> <span class='ocrx_word' id='word_1_304' title='bbox 383 4648 429 4700; x_wconf 85' lang='lat' dir='ltr'><strong>par</strong></span> <span class='ocrx_word' id='word_1_305' title='bbox 465 4635 651 4686; x_wconf 79' lang='lat' dir='ltr'><strong>continentiam.</strong></span> <span class='ocrx_word' id='word_1_306' title='bbox 697 4631 747 4684; x_wconf 83' lang='lat' dir='ltr'><strong>cn.</strong></span> <span class='ocrx_word' id='word_1_307' title='bbox 775 4634 870 4683; x_wconf 74' lang='lat' dir='ltr'><strong>locasse.</strong></span> 
     </span>
    </p>

    <p class='ocr_par' dir='ltr' id='par_1_8' title="bbox 200 4715 1323 4959">
     <span class='ocr_line' id='line_1_35' title="bbox 200 4715 1323 4788; baseline -0.007 -15"><span class='ocrx_word' id='word_1_308' title='bbox 200 4721 310 4773; x_wconf 70' lang='lat' dir='ltr'><strong>Tertull.</strong></span> <span class='ocrx_word' id='word_1_309' title='bbox 337 4717 390 4770; x_wconf 82' lang='lat' dir='ltr'><strong>tto.</strong></span> <span class='ocrx_word' id='word_1_310' title='bbox 409 4717 429 4769; x_wconf 90' lang='grc' dir='ltr'><strong>Ι.</strong></span> <span class='ocrx_word' id='word_1_311' title='bbox 447 4719 479 4769; x_wconf 85' lang='lat' dir='ltr'><strong>ad</strong></span> <span class='ocrx_word' id='word_1_312' title='bbox 499 4735 569 4771; x_wconf 84' lang='lat' dir='ltr'><strong>uxor.</strong></span> <span class='ocrx_word' id='word_1_313' title='bbox 589 4736 610 4770; x_wconf 91' lang='lat' dir='ltr'><strong>c.</strong></span> <span class='ocrx_word' id='word_1_314' title='bbox 629 4719 661 4770; x_wconf 85' lang='lat' dir='ltr'><strong>o:</strong></span> <span class='ocrx_word' id='word_1_315' title='bbox 688 4729 749 4788; x_wconf 83' lang='lat' dir='ltr'><strong>quot</strong></span> <span class='ocrx_word' id='word_1_316' title='bbox 810 4717 839 4785; x_wconf 86' lang='lat'><strong>8)</strong></span> <span class='ocrx_word' id='word_1_317' title='bbox 858 4715 877 4767; x_wconf 93' lang='lat' dir='ltr'><strong>l.</strong></span> <span class='ocrx_word' id='word_1_318' title='bbox 902 4733 925 4769; x_wconf 83' lang='lat' dir='ltr'><strong>e.</strong></span> <span class='ocrx_word' id='word_1_319' title='bbox 954 4726 984 4771; x_wconf 79' lang='lat' dir='ltr'><strong>ut</strong></span> <span class='ocrx_word' id='word_1_320' title='bbox 1009 4718 1107 4769; x_wconf 77' lang='lat' dir='ltr'><strong>mortui</strong></span> <span class='ocrx_word' id='word_1_321' title='bbox 1134 4732 1194 4768; x_wconf 82' lang='lat' dir='ltr'><strong>cum</strong></span> <span class='ocrx_word' id='word_1_322' title='bbox 1220 4715 1323 4782; x_wconf 72' lang='lat' dir='ltr'><strong>eupolis</strong></span> 
     </span>
     <span class='ocr_line' id='line_1_36' title="bbox 200 4802 1322 4875; baseline -0.004 -17"><span class='ocrx_word' id='word_1_323' title='bbox 200 4807 261 4858; x_wconf 69' lang='lat' dir='ltr'><strong>dm</strong></span> <span class='ocrx_word' id='word_1_324' title='bbox 280 4808 374 4871; x_wconf 75' lang='lat' dir='ltr'><strong>(runt),</strong></span> <span class='ocrx_word' id='word_1_325' title='bbox 392 4809 437 4874; x_wconf 75' lang='lat' dir='ltr'><strong>qus·</strong></span> <span class='ocrx_word' id='word_1_326' title='bbox 453 4821 585 4859; x_wconf 78' lang='lat' dir='ltr'><strong>consensu</strong></span> <span class='ocrx_word' id='word_1_327' title='bbox 601 4810 749 4873; x_wconf 75' lang='lat' dir='ltr'><strong>partiates·</strong></span> <span class='ocrx_word' id='word_1_328' title='bbox 777 4806 983 4875; x_wconf 77' lang='lat' dir='ltr'><strong>conprepcrnini,</strong></span> <span class='ocrx_word' id='word_1_329' title='bbox 1017 4819 1063 4854; x_wconf 87' lang='lat' dir='ltr'><strong>seu</strong></span> <span class='ocrx_word' id='word_1_330' title='bbox 1099 4812 1127 4855; x_wconf 80' lang='lat' dir='ltr'><strong>ut</strong></span> <span class='ocrx_word' id='word_1_331' title='bbox 1157 4802 1243 4869; x_wconf 75' lang='lat' dir='ltr'><strong>anpeti</strong></span> <span class='ocrx_word' id='word_1_332' title='bbox 1272 4818 1322 4853; x_wconf 82' lang='lat' dir='ltr'><strong>sos</strong></span> 
     </span>
     <span class='ocr_line' id='line_1_37' title="bbox 200 4885 1321 4959; baseline -0.004 -14"><span class='ocrx_word' id='word_1_333' title='bbox 200 4908 231 4945; x_wconf 78' lang='lat' dir='ltr'><strong>ss</strong></span> <span class='ocrx_word' id='word_1_334' title='bbox 247 4896 412 4947; x_wconf 72' lang='lat' dir='ltr'><strong>matrimonii</strong></span> <span class='ocrx_word' id='word_1_335' title='bbox 424 4895 543 4946; x_wconf 77' lang='lat' dir='ltr'><strong>debitum</strong></span> <span class='ocrx_word' id='word_1_336' title='bbox 561 4893 673 4944; x_wconf 66' lang='lat' dir='ltr'><strong>tollant?</strong></span> <span class='ocrx_word' id='word_1_337' title='bbox 695 4889 746 4943; x_wconf 88' lang='lat' dir='ltr'><strong>Clr.</strong></span> <span class='ocrx_word' id='word_1_338' title='bbox 773 4901 877 4959; x_wconf 81' lang='lat' dir='ltr'><strong>portent</strong></span> <span class='ocrx_word' id='word_1_339' title='bbox 907 4893 935 4944; x_wconf 79' lang='lat' dir='ltr'><strong>in</strong></span> <span class='ocrx_word' id='word_1_340' title='bbox 961 4894 1051 4945; x_wconf 76' lang='lat' dir='ltr'><strong>sistam</strong></span> <span class='ocrx_word' id='word_1_341' title='bbox 1077 4891 1225 4942; x_wconf 78' lang='lat' dir='ltr'><strong>Abrobosm&#39;.</strong></span> <span class='ocrx_word' id='word_1_342' title='bbox 1260 4885 1321 4941; x_wconf 77' lang='lat' dir='ltr'><strong>buc.</strong></span> 
     </span>
    </p>
   </div>
   <div class='ocr_carea' id='block_1_4' title="bbox 201 4976 878 5049">
    <p class='ocr_par' dir='ltr' id='par_1_9' title="bbox 201 4976 878 5049">
     <span class='ocr_line' id='line_1_38' title="bbox 201 4976 878 5049; baseline -0.001 -21"><span class='ocrx_word' id='word_1_343' title='bbox 201 4992 256 5046; x_wconf 78' lang='lat' dir='ltr'><strong>cap.</strong></span> <span class='ocrx_word' id='word_1_344' title='bbox 274 4995 329 5049; x_wconf 82' lang='lat' dir='ltr'><strong>seq.</strong></span> <span class='ocrx_word' id='word_1_345' title='bbox 348 4985 376 5029; x_wconf 84' lang='lat' dir='ltr'><strong>st</strong></span> <span class='ocrx_word' id='word_1_346' title='bbox 392 4976 447 5031; x_wconf 87' lang='lat' dir='ltr'><strong>Lib.</strong></span> <span class='ocrx_word' id='word_1_347' title='bbox 465 4976 510 5037; x_wconf 80' lang='grc' dir='ltr'>ΙΙΙ,</span> <span class='ocrx_word' id='word_1_348' title='bbox 536 4977 596 5030; x_wconf 86' lang='lat' dir='ltr'><strong>Sim.</strong></span> <span class='ocrx_word' id='word_1_349' title='bbox 614 4978 656 5044; x_wconf 86' lang='lat' dir='ltr'><strong>tx,</strong></span> <span class='ocrx_word' id='word_1_350' title='bbox 676 4979 717 5031; x_wconf 88' lang='lat'><strong>11.</strong></span> <span class='ocrx_word' id='word_1_351' title='bbox 776 4976 817 5041; x_wconf 84' lang='lat'><strong>16,</strong></span> <span class='ocrx_word' id='word_1_352' title='bbox 836 4976 878 5027; x_wconf 85' lang='lat'><strong>22.</strong></span> 
     </span>
    </p>
   </div>
   <div class='ocr_carea' id='block_1_5' title="bbox 0 0 1538 6450">
    <p class='ocr_par' dir='ltr' id='par_1_10' title="bbox 0 0 1538 6450">
     <span class='ocr_line' id='line_1_39' title="bbox 0 0 1538 6450; baseline 0 3"><span class='ocrx_word' id='word_1_353' title='bbox 0 0 1538 6450; x_wconf 95' lang='lat' dir='ltr'><strong> </strong></span> 
     </span>
    </p>
   </div>
  </div>
 </body>
</html>
