3067 6450
206 1171 234 1227 8.
254 1169 459 1240 subreberet]
643 1170 899 1226 rnouseobteb'n.
1252 1176 1336 1231 lxxv

207 1336 439 1417 Saturnaeorum
464 1333 637 1415 episcopum
659 1333 695 1396 ab
715 1333 786 1414 ipsis
804 1331 995 1398 familiaribus
1011 1355 1046 1398 ac
1062 1337 1203 1400 ministris
1220 1338 1336 1402 Domini

207 1444 411 1518 constitutum,
435 1444 503 1519 post
519 1437 672 1500 irenaeum
696 1438 713 1499 Ι.
736 1456 760 1498 c.
787 1436 872 1500 tradit
886 1437 1034 1502 Eusebius
1052 1438 1090 1525 ¹),
1114 1443 1158 1503 sic
1182 1444 1335 1506 scribens:

212 1544 283 1608 Tuis
312 1532 516 1607 macarium
550 1532 699 1626 optriqchq
733 1539 964 1628 Πολὺκαρπος,
997 1550 1052 1630 τῆς
1085 1539 1166 1609 nard
1197 1545 1337 1633 Σμύρναν

206 1644 369 1734 mucias·
388 1642 472 1731 πρός
493 1645 557 1708 τῶν
579 1636 750 1708 adsumserit
772 1643 826 1710 nui
852 1642 1016 1733 ὑπηρετῶν
1037 1649 1097 1712 roe*
1119 1647 1256 1737 Κυρίου,
1281 1645 1336 1739 τήν

205 1745 386 1838 ἐπισκοπὴν
407 1746 684 1836 ἐγκεχειρισμένος.
728 1751 801 1836 Ejus
833 1758 930 1814 tumen
962 1754 1108 1817 ecclesiae
1134 1759 1335 1841 episcopatum

204 1861 242 1921 ab
256 1859 373 1921 Joanne
386 1858 532 1940 Apostolo
546 1859 640 1938 ipsum
654 1859 820 1939 accepisse,
837 1858 935 1939 prodit
949 1858 1149 1922 Tertullianus
1159 1858 1208 1944 ²):
1229 1863 1337 1926 Edant

204 1983 299 2043 erqo,
323 1964 434 2043 inquit,
457 1964 595 2045 oriqiaes
618 1963 822 2025 ecclesiarum
846 1981 996 2036 suarum,·
1027 1966 1171 2027 ecoleaut
1194 1969 1337 2030 ordinem

203 2071 427 2149 episcoporum
441 2087 581 2145 suorum,
598 2068 644 2129 ita
656 2087 714 2148 per
726 2068 941 2131 successiones
955 2068 994 2130 ab
1006 2070 1098 2133 initio
1111 2072 1335 2149 decurrentem,

204 2183 240 2236 ut
257 2174 379 2254 primus
403 2174 456 2235 ille
479 2174 646 2252 episcopus
671 2173 805 2253 aliquem
828 2192 869 2234 ee
892 2173 1053 2254 Apostolis
1076 2175 1127 2237 ael
1148 2176 1335 2254 apostolicis

203 2260 321 2355 airis,
341 2279 395 2357 qui
429 2285 530 2340 tamen
566 2297 634 2339 curn
669 2277 831 2356 Apostolis
864 2280 1154 2357 perseuerauerint,
1190 2280 1338 2344 babuerit

204 2393 366 2447 auctorem
381 2392 410 2445 et
425 2392 689 2446 antecessorem..
702 2429 728 2445 ..
744 2385 826 2446 sicut
838 2383 1079 2466 Smyrnaeorum
1094 2387 1228 2449 ecclesia
1241 2387 1334 2469 Polq-

204 2508 335 2568 carpum
352 2487 391 2549 ab
407 2488 532 2551 loanne
548 2488 735 2551 collocatum
752 2490 856 2569 refert.
900 2489 1006 2570 Neque
1025 2491 1111 2553 aliter
1130 2510 1203 2554 sanc
1222 2491 1334 2554 Hiero-

203 2612 314 2678 nymus
330 2591 380 2678 ὓς
403 2594 609 2675 Polycarpus,
632 2593 766 2657 Jaarruis
789 2593 935 2674 Apostoli
959 2597 1152 2676 disciputus,
1180 2607 1210 2661 et
1232 2598 1272 2661 ab
1295 2617 1333 2662 ea

203 2700 358 2782 Smyrnae
380 2701 546 2780 episcopus
570 2700 771 2762 ordinatas.“

292 2802 368 2867 Num
401 2805 587 2887 praeclarum
623 2803 693 2867 illud
727 2807 942 2888 teslimonium,
977 2809 1056 2892 quod
1090 2811 1120 2874 in
1152 2809 1332 2892 Apocalypsi

203 2909 329 2973 loannis
353 2905 411 2992 (2,
434 2907 587 2992 8-11.)
610 2908 728 2991 Anqelo
750 2910 902 2993 Smyrnae
933 2916 1082 2979 ecclesiae
1110 2916 1262 2993 tribuitur,
1294 2912 1331 2976 ad
1417 2904 1419 2909 ’

203 3015 401 3096 Polycarpum
425 3021 558 3077 nostrum
580 3015 619 3077 sit
641 3015 843 3097 referendum,
862 3020 933 3101 jure
957 3020 1133 3099 dubitamus,
1161 3039 1250 3101 quum
1275 3036 1332 3081 nec

203 3141 300 3185 annus
331 3122 488 3184 nativitatis
520 3120 549 3184 S.
580 3121 753 3203 Polycarpi,
786 3142 842 3185 nec
873 3131 1006 3207 tempus,
1039 3144 1099 3206 quo
1129 3122 1331 3206 Apocalypsis

204 3227 377 3308 conscripta
398 3232 456 3304 est,
481 3226 567 3290 uobis
590 3228 676 3308 plane
699 3229 868 3292 innotuerit.

293 3331 385 3413 ,EJus
408 3337 506 3392 autern
528 3332 615 3394 animi
639 3338 668 3395 et
692 3334 830 3415 corporis
853 3332 957 3412 dotes,
985 3332 1133 3412 pietatem,
1157 3332 1331 3409 doclrinam,

203 3455 321 3500 morum
337 3437 513 3518 gravitatem
530 3454 631 3498 coram
647 3444 809 3518 spectatus,
831 3438 973 3520 grapbice
992 3437 1125 3520 depingit
1143 3436 1284 3498 irenaeus
1297 3430 1331 3518 Ι)

203 3542 251 3604 bis
275 3542 376 3604 rcrbis
391 3540 413 3602 F
415 3540 542 3604 larinum
566 3541 726 3603 allocutus:
756 3540 824 3603 Vidi
841 3550 879 3618 tc,
905 3560 996 3621 quum
1013 3542 1115 3603 adbuc
1127 3558 1207 3620 puer
1222 3559 1330 3615 essem,

202 3649 236 3709 in
266 3645 419 3724 inferiore
448 3645 528 3709 Asia
560 3647 647 3725 apud
674 3646 896 3728 Polycarpum,
929 3646 1091 3727 splendide
1125 3653 1263 3726 aquatam
1296 3643 1331 3706 in

199 3753 336 3833 palatio,
354 3761 383 3814 et
398 3771 586 3832 maqnopere
602 3751 809 3829 laborantem,
826 3759 861 3814 ut
875 3761 903 3814 te
914 3753 962 3814 illi
975 3750 1180 3832 approbares.
1208 3748 1331 3811 Etenim

202 3877 259 3933 ea,
291 3877 370 3937 quae
401 3866 474 3919 tunc
505 3859 651 3937 temporis
680 3867 767 3938 qesta
796 3866 886 3937 sunt,
915 3859 1026 3920 melius
1052 3856 1202 3921 memoria
1231 3863 1329 3930 tenca,

201 3983 295 4045 quam
317 3963 385 4034 itta,
410 3982 491 4044 quae
514 3981 615 4041 nuper
631 3964 833 4037 acciderunt,·
920 3964 1001 4026 adeo
1017 3972 1051 4024 ut
1068 3971 1097 4024 et
1112 3962 1212 4024 locum
1227 3961 1330 4039 ipsum

197 4069 321 4148 possim
343 4069 465 4145 dicere,
495 4067 530 4129 in
552 4085 614 4147 quo
636 4066 744 4130 beatus
766 4068 960 4150 Polycarpum
990 4069 1102 4131 sedens
1135 4066 1310 4130 disserebat
1317 4085 1330 4139 ;

195 4192 367 4254 processus
397 4191 518 4254 quoque
550 4173 618 4252 ejus
649 4180 678 4234 et
707 4175 885 4253 inqressus,
918 4174 1002 4234 citae
1029 4173 1123 4234 totius
1143 4170 1278 4248 sornrarn
1300 4178 1331 4232 et

201 4278 348 4357 corporis
362 4278 518 4355 speciem,·
533 4296 691 4340 sermones
707 4279 852 4358 denique,
872 4297 951 4358 quos
967 4277 1010 4338 ad
1022 4277 1170 4357 populum
1186 4275 1327 4353 babebat,

200 4391 231 4445 et
243 4381 435 4460 familiarem
451 4382 712 4459 consuetudinem,
730 4402 810 4463 quae
823 4383 871 4444 illi
883 4402 951 4444 cum
962 4382 1096 4458 Joanne,
1112 4389 1147 4441 ut
1162 4380 1327 4454 narrabat,

201 4494 231 4549 ct
253 4506 322 4549 cum
344 4486 483 4567 reliquis,
507 4486 561 4566 qui
582 4487 746 4549 Dominum
770 4488 871 4566 ipsum
894 4488 1059 4562 uidissent,
1087 4488 1327 4559 intercesserat3

201 4601 231 4655 et
253 4591 390 4672 qualiter
413 4592 501 4653 dicta
529 4592 656 4655 illorum
684 4592 961 4662 commemorabat:
991 4599 1020 4652 et
1049 4607 1259 4670 quaecumque
1289 4587 1327 4647 de

201 4696 337 4760 Domina
361 4695 401 4757 ab
425 4697 536 4758 iisdem
558 4697 714 4758 audierat.
757 4697 807 4759 De
837 4696 999 4759 miraculis
1027 4712 1148 4776 quoque
1179 4694 1265 4754 illius
1289 4709 1327 4752 ac

239 4851 267 4917 l)
285 4850 349 4902 llist.
367 4805 430 4903 ecci.
450 4849 493 4915 tlt,
511 4849 555 4902 36.
812 4852 841 4912 Ι)
860 4849 907 4917 Ep.
921 4851 953 4902 ml
966 4848 1137 4917 Flammarum!
1150 4848 1249 4901 Eurel.
1262 4843 1325 4896 lliat.

237 4936 266 5005 2)
285 4936 324 4988 De
343 4939 475 5006 prascript.
494 4953 516 4990 c.
535 4937 579 4989 32.
777 4939 841 4991 eccl.
860 4939 892 5003 V,
911 4937 954 4989 2⁰.

237 5023 265 5088 3)
284 5024 323 5077 lle
340 5026 398 5077 siris
418 5026 506 5077 illustr.
526 5041 548 5077 c.
570 5026 609 5077 17.
