3067 6450
362 1169 486 1227 tudam
501 1170 662 1229 seurota
679 1171 726 1228 ΑΙ)
745 1172 913 1231 scusatos.
931 1173 996 1231 xta
1014 1173 1090 1233 md.
1107 1175 1196 1233 xlm.
1277 1181 1341 1249 16⁸1

211 1335 316 1418 itaque
338 1331 500 1415 indamus,
532 1336 618 1417 quasi
641 1335 707 1417 ipso
730 1335 760 1399 in
783 1325 870 1401 uobis
892 1334 1041 1401 habitante
1048 1358 1059 1416 3
1089 1343 1121 1402 ut
1146 1338 1225 1404 illius
1248 1340 1339 1407 simus

213 1441 340 1523 templa,
364 1447 394 1504 et
415 1441 480 1523 ipsa
502 1441 541 1503 sit
562 1441 591 1503 in
614 1439 702 1503 nobis
725 1441 807 1503 Deus
830 1447 935 1504 noster
942 1462 952 1518 3
985 1442 1136 1525 quomodo
1160 1450 1190 1506 et
1216 1442 1287 1509 ¹est
1310 1451 1340 1515 et

214 1546 370 1629 apparebit
392 1552 462 1609 ante
485 1544 590 1610 taciem
613 1552 762 1622 nostram3
786 1544 855 1609 ideo
874 1547 958 1628 juste
981 1544 1129 1630 diligimus
1152 1548 1256 1631 ipsum.

268 1736 356 1805 xvi,
392 1735 454 1813 Oai
474 1737 568 1818 pidem
587 1735 683 1816 soleis
705 1737 862 1802 doctrinis
886 1747 1098 1820 corrumpunt,
1125 1740 1160 1811 in
1183 1740 1285 1823 ignem

632 1851 794 1906 octonum
823 1842 919 1905 ibunt.

301 1962 372 2030 ²Ne
388 1965 505 2045 erretis,
521 1963 628 2029 iratres
644 1965 710 2029 mei.
746 1962 956 2028 ³Familiarum
972 1965 1197 2046 perturbatores
1212 1983 1339 2049 regnum

212 2071 271 2135 Uei
293 2089 355 2136 non
378 2068 594 2137 hereditabunt
638 2069 669 2134 Si
694 2075 793 2133 autem
815 2069 845 2148 ii,
868 2069 919 2151 qui
936 2067 1103 2133 secuudum
1125 2087 1245 2134 carnem
1264 2069 1340 2133 baec

212 2177 331 2259 operati
352 2183 437 2254 suut,
460 2180 557 2237 morte
578 2180 648 2236 suut
670 2173 786 2251 allecti3
819 2180 929 2256 quanto
952 2174 1062 2258 magis,
1083 2174 1110 2238 si
1134 2171 1229 2257 ⁴quis
1252 2173 1339 2239 lidena

212 2281 270 2344 Dei
290 2298 383 2364 prava
407 2278 542 2342 doctriua
573 2285 759 2360 corrumpat,
791 2296 847 2360 pro
878 2297 936 2361 qua
958 2277 1049 2342 lesus
1072 2277 1205 2343 Christus
1235 2279 1339 2342 cruci·

210 2386 290 2450 fixus
315 2385 386 2448 esti
430 2383 528 2465 Talis,
558 2383 729 2465 inquinatus
751 2382 866 2463 lactus,
896 2385 926 2447 iu
953 2384 1055 2468 ignem
1081 2383 1337 2467 inextinguibilem

209 2492 281 2569 ibit3
303 2489 438 2554 similiter
460 2495 491 2552 et
515 2489 566 2571 qui
589 2488 670 2553 audit
692 2489 798 2570 ipsum.

354 2678 443 2745 xvtl.
490 2679 605 2745 Coacta
626 2700 648 2744 a
666 2680 763 2761 [odaia
784 2681 1014 2747 lunaticorum
1035 2681 1198 2747 doctrinis.

301 2799 375 2867 sog
399 2803 428 2868 id
450 2804 596 2869 Dominus
627 2804 657 2868 in
688 2806 784 2888 cupite
814 2824 870 2871 suo
900 2805 1016 2888 accepit
1045 2799 1275 2889 ‘unguentum
1305 2811 1337 2870 ut

210 2907 361 2973 ecclesiae
398 2909 509 2992 spiret'
528 2909 792 2993 incorruptionem.
851 2910 897 2974 No
934 2911 1086 2995 ungamini
1125 2917 1202 2977 tetro
1239 2909 1336 2977 odore

209 3013 367 3078 doctrinae
400 3014 541 3097 principis
574 3015 664 3098 hujus
697 3016 807 3094 secrdi;
843 3034 883 3079 ne
913 3017 1048 3098 captivos
1079 3033 1135 3079 vos
1162 3013 1290 3079 abducat
1318 3033 1335 3079 r

208 3118 364 3202 proposita
387 3119 456 3181 vita.
502 3117 563 3182 Cur
585 3138 660 3183 vero
684 3139 744 3184 non
768 3138 872 3186 omnes
895 3120 1057 3201 prudentes
1078 3135 1191 3197 sumus,
1212 3124 1335 3200 accepta

209 3224 268 3287 Dei
290 3224 473 3308 cognitione,
496 3224 577 3306 quod
601 3231 647 3287 est
668 3225 758 3289 lesus
784 3225 945 3288 cbristus?
990 3221 1066 3297 Ouid
1089 3222 1169 3287 latue
1191 3222 1333 3305 perimus,

209 3346 273 3393 non
297 3334 499 3414 agnoscentes
522 3328 642 3411 donum,
665 3329 745 3411 quod
769 3348 843 3394 vere
865 3330 943 3394 misit
965 3328 1133 3392 Dominus?

272 3624 372 3689 xvtn.
419 3625 529 3689 Gloria
551 3627 665 3690 crucia
713 3625 834 3689 Uirtuti
856 3625 1008 3690 nativitas
1031 3632 1061 3687 et
1084 3622 1265 3706 baptismus

298 3741 551 3834 ⁷Purgamentum
575 3766 658 3812 meus
688 3749 808 3832 spiritus
840 3755 886 3813 est
915 3748 1031 3828 crucis,
1061 3763 1139 3829 quaa
1169 3741 1331 3807 incredulis

207 3847 425 3935 ⁸seandalum‚
459 3848 574 3919 ⁹nobis
607 3873 681 3919 vcro
714 3854 796 3919 salus
828 3860 875 3918 est
906 3860 937 3917 et
966 3854 1024 3917 vita
1053 3858 1186 3916 aeterua.
1235 3841 1261 3885 ¹⁰
1274 3847 1331 3911 Ubi

206 3956 353 4040 sapiens?
397 3957 452 4021 Ubi
482 3957 671 4040 disputator?
715 3958 771 4024 Ubi
794 3959 933 4042 gloriatio
962 3977 1083 4038 eorum,
1113 3957 1163 4039 qui
1193 3953 1331 4018 dicuntur

205 4061 396 4145 prudentes?
441 4063 523 4127 Deus
546 4065 624 4126 enim
647 4070 751 4129 noster
769 4065 859 4129 lesus
880 4063 1014 4128 Christus
1036 4064 1065 4126 in
1089 4068 1176 4125 utero
1193 4064 1330 4145 gestatus

207 4173 253 4229 est
274 4184 292 4230 a
315 4165 423 4248 diaria,
449 4170 536 4251 juxta
568 4166 593 4206 ¹¹
609 4168 860 4253 dispensationem
891 4169 963 4250 Dei,
996 4187 1037 4232 ex
1068 4168 1182 4231 semina
1210 4163 1330 4247 quidem

204 4427 260 4466 aaut
287 4420 439 4466 matre.
493 4410 626 4464 Armenius
663 4414 752 4465 vertit:
814 4414 845 4477 8)
864 4411 916 4465 Cir.
934 4410 1018 4465 ICor.
1038 4411 1063 4477 1,
1082 4410 1123 4463 18.

203 4501 298 4553 daret
315 4499 433 4568 spiritua
449 4514 526 4554 m
545 4515 667 4564 wasa,
687 4516 753 4569 prena
814 4501 843 4564 9)
862 4499 940 4567 Syrus
958 4497 1023 4569 legit
1040 4495 1108 4563 ὑμῖν.

202 4595 244 4639 ut
266 4586 426 4640 amulone
449 4586 609 4654 inpeditae.
645 4585 752 4639 Veteres
798 4582 1005 4653 10)Ποῡοοφὸς
1022 4604 1044 4634 2.
1062 4604 1084 4634 τ.
1102 4586 1123 4633 λ.
1148 4580 1219 4634 llaec
1238 4587 1264 4633 et
1281 4593 1327 4632 aa·

202 4671 249 4725 baa
277 4672 412 4726 versiones
439 4673 580 4741 respiciens
610 4670 752 4725 Bnnaauius
779 4676 880 4745 quantia
898 4688 981 4743 usqua
998 4672 1032 4725 ad
1047 4671 1123 4723 baana
1135 4666 1329 4737 capitisdasuut

203 4757 288 4826 (lta)
315 4773 363 4827 pto
386 4761 514 4827 περίψημα
531 4758 668 4830 legandum
686 4775 752 4813 con·
779 4760 847 4830 apud
864 4759 964 4828 Syrum.
1000 4757 1053 4810 Uir.
1071 4753 1152 4809 lCor.
1169 4754 1195 4819 1,
1214 4754 1257 4805 20.

198 4845 257 4914 jicio
284 4841 440 4915 πρσιύνημο
468 4848 486 4900 l.
513 4863 537 4900 a.
565 4852 694 4916 προσκυνεῖ
722 4844 752 4898 ro'
798 4847 845 4916 11)
863 4846 964 4900 Phrada
983 4843 1101 4898 laudm
1123 4839 1222 4896 Colone.
1243 4840 1267 4906 1,
1281 4839 1325 4892 25.

200 4930 262 4997 lpida
286 4934 384 4998 arripio
408 4929 453 4983 τᾶν
478 4931 587 5003 σταυρόν.
629 4934 679 5005 1ρά
702 4951 750 4989 ac·
778 4933 863 4988 ltin.
882 4934 907 5001 1,
925 4937 951 4987 d.

197 5018 566 5092 eaditddoiul.c.p.231.
654 5059 659 5067 .
