3067 6450
204 1182 259 1237 m
639 1172 894 1228 raouaoousnu.
1160 1172 1334 1242 [srisroua

315 1340 492 1416 disseritur,
523 1343 554 1400 ut
576 1336 673 1420 palam
696 1332 753 1410 sit,
785 1331 900 1396 Aeliam
924 1334 1117 1416 Capitolinam
1141 1334 1274 1397 nondum
1297 1336 1333 1398 ab

314 1444 462 1506 Hadriano
487 1441 581 1504 luisse
604 1444 796 1502 exstructam.

246 1548 289 1634 pi)
313 1552 383 1613 Post
412 1566 519 1610 annum
554 1543 631 1621 137,
664 1540 798 1604 seeundo
830 1540 909 1603 bello
932 1540 1057 1605 ludaico
1088 1544 1189 1621 sinito,
1224 1543 1334 1606 nullum

315 1653 438 1734 amplios
461 1650 660 1713 ludaistarum
691 1646 855 1728 periculum
887 1647 995 1710 adesse
1025 1656 1149 1730 poterat.
1197 1649 1335 1730 Denique

248 1757 286 1842 p)
317 1758 423 1820 Celsos
450 1758 511 1838 jam
540 1757 619 1816 circa
649 1769 758 1814 annum
785 1748 954 1816 150-160
978 1771 1017 1814 ex
1042 1754 1187 1834 epistolae
1212 1761 1336 1816 nostrae

315 1882 379 1943 cap.
397 1860 417 1923 5
438 1854 538 1943 (ὑπὲρ
554 1857 662 1921 πᾶσαν
676 1848 833 1937 ἁμαρτίαν
847 1843 1063 1942 α’νομώτεροι)
1080 1860 1216 1922 convicia
1232 1866 1335 1921 contra

317 1966 481 2048 Apostolos
505 1964 643 2026 hausisse
666 1960 784 2021 uidetur
805 1956 842 2040 ¹).
1060 2034 1065 2045 Ι

294 2073 341 2134 tv.
385 2071 569 2145 Quibusnam
592 2065 754 2128 lectoribus
779 2063 906 2146 epistola
930 2063 1018 2128 luerit
1042 2065 1198 2145 destinata,
1222 2069 1337 2148 nullibi,

207 2175 365 2239 deliciente
390 2174 527 2255 pleniore
550 2168 737 2232 salutationis
761 2166 900 2246 lormula,
923 2169 1011 2232 claris
1034 2173 1136 2235 verbis
1159 2192 1337 2256 expressum

176 2285 261 2341 ·est.
308 2276 458 2357 Origenes
488 2272 644 2356 epistolam
674 2279 806 2335 nostram
830 2274 1015 2337 corbolicum
1039 2278 1185 2354 nominat;
1218 2281 1273 2342 sed
1298 2299 1338 2342 ex

208 2383 304 2462 eapite
321 2383 415 2461 primo
434 2387 463 2443 et
479 2380 537 2442 bne
553 2379 624 2440 noni
641 2383 730 2460 patet,
746 2377 784 2440 ad
800 2387 902 2441 certos
916 2378 1060 2459 quosdam
1072 2382 1186 2461 fideles,
1204 2385 1338 2447 arctiori

208 2485 329 2547 vinculo
352 2486 467 2548 auctori
486 2485 628 2566 junctos,
651 2481 764 2544 litteras
788 2482 842 2545 has
867 2482 960 2546 luisse
983 2483 1074 2547 datos.
1120 2487 1338 2570 Argumentum

208 2591 321 2672 primae
344 2591 437 2672 partis
461 2589 605 2671 epistolae
627 2593 656 2650 et
680 2589 770 2651 totius
794 2588 1056 2651 demonstrationis
1084 2591 1241 2655 methodus
1265 2611 1339 2655 cer-

210 2695 304 2757 tiores
328 2712 385 2756 nos
410 2692 537 2772 iaciunt,
567 2698 719 2754 auctorem
742 2690 779 2753 ad
800 2692 911 2771 fideles
934 2712 949 2752 e
972 2692 1125 2771 deducio,
1157 2697 1223 2759 sine
1246 2698 1338 2764 dubio

210 2798 399 2875 llelienistas,
417 2798 544 2860 instante
560 2795 695 2878 periculo
711 2792 909 2858 Judaistarum
926 2798 1018 2860 verbo
1035 2796 1153 2861 iecisse.
1184 2800 1339 2866 Danielem

210 2900 371 2979 Sobcnkel,
395 2903 523 2964 certiora
548 2899 773 2962 delectoribus
797 2901 1012 2983 proterentem,
1036 2909 1149 2967 temere
1172 2906 1201 2968 id
1225 2909 1339 2989 egisse,

210 3006 282 3070 alibi
305 3007 574 3070 demonstravimus
591 3000 633 3087 ²).

298 3111 332 3172 V.
378 3110 458 3172 ldem
483 3109 529 3171 vir
552 3107 668 3187 doctus,
692 3109 799 3174 Daniel
821 3109 970 3176 Sebenkel
987 3107 1037 3194 ³),
1061 3119 1092 3176 ut
1116 3113 1196 3177 litem
1220 3114 1257 3178 de
1281 3136 1340 3181 au-

209 3214 320 3280 thentia
352 3216 495 3299 epistolae
526 3221 738 3295 componeret,
770 3217 900 3298 probare
931 3225 1056 3281 conatus
1086 3227 1149 3300 est,
1185 3222 1340 3304 epistolam

209 3321 363 3386 Barnabae
386 3322 546 3404 genuinam
570 3321 688 3399 quidem
713 3337 801 3399 esse,
823 3319 877 3383 sed
902 3339 962 3384 non
986 3323 1147 3407 integram,
1173 3345 1339 3408 omnesque

209 3429 276 3511 eJus
304 3436 422 3511 partes,
458 3426 531 3489 viris
562 3425 657 3489 doctis
688 3427 899 3508 displicentes,
932 3445 949 3488 a
981 3427 1168 3511 Therapeuta
1199 3433 1339 3512 quodam,

210 3530 444 3596 Cbristianorum
467 3550 553 3594 sacra
576 3536 692 3610 secuto,
716 3532 864 3615 originem
889 3533 1036 3611 traxisse,
1063 3538 1114 3615 qui
1137 3540 1259 3617 mystica
1284 3558 1339 3601 sua

209 3638 353 3718 sapientia
383 3639 440 3700 viri
469 3636 624 3718 apostolici
652 3637 766 3698 litteras
797 3654 912 3718 augere
941 3638 979 3699 sit
1003 3656 1103 3701 ausus.
1148 3640 1211 3703 Nos
1235 3650 1339 3706 contra

158 3823 162 3830 Ι
210 3739 279 3802 alibi
302 3740 501 3822 integritatem
525 3739 670 3821 epistolae
694 3738 860 3802 defendere
883 3739 1048 3806 studuimus
1060 3740 1102 3827 ⁴).
1137 3746 1242 3809 Paucis
1260 3766 1340 3811 nunc

209 3861 275 3908 rem
297 3843 468 3907 absolvam:

301 3946 328 4011 1.
352 3946 498 4009 Secunda
515 3964 570 4009 seu
586 3947 774 4028 paraenetica
790 3967 860 4030 pars
877 3951 1031 4031 epistolae,
1055 3973 1080 4017 c.
1101 3952 1237 4035 18-21,
1261 3975 1340 4036 quae

206 4057 269 4139 jam
291 4060 361 4130 ante
384 4052 592 4117 Sobenlrolium
615 4071 632 4115 a
655 4053 791 4135 pluribus
819 4057 848 4117 in
872 4055 990 4120 dubium
1013 4060 1196 4141 vocabatur,
1228 4063 1340 4144 quippe

209 4177 287 4242 quae
311 4160 340 4220 in
364 4159 460 4221 veteri
482 4158 625 4250 versione
647 4156 737 4221 latina
761 4178 821 4223 non
844 4168 952 4240 exstet,

253 4261 295 4347 o)
315 4265 376 4346 jam
400 4262 436 4325 ab
461 4262 670 4342 antiquissimis
693 4263 750 4326 iliis
773 4267 986 4348 scriptoribus,
1010 4269 1060 4349 qui
1082 4269 1169 4351 primi
1193 4270 1340 4350 epistolae

320 4367 501 4430 mentionem
524 4364 690 4447 iaciebant,
714 4368 866 4434 Clemente
889 4379 920 4435 et
942 4372 1094 4456 Origene,
1124 4373 1198 4437 lecta
1223 4382 1286 4453 est,
1310 4382 1341 4438 et

321 4471 438 4536 laudata
460 4479 491 4534 et
514 4471 610 4533 citata.

247 4661 277 4728 1)
296 4662 401 4730 Origen-
431 4675 454 4711 c.
483 4656 550 4712 cur.
579 4676 604 4713 o.
624 4660 666 4715 6³.
694 4661 721 4715 Τ.
740 4661 760 4714 l.
823 4663 852 4733 3]
872 4663 899 4716 lo
920 4668 1054 4720 Uttmonrii
1072 4674 1137 4719 eto:
1163 4666 1269 4719 Studien
1289 4667 1339 4719 und

210 4763 236 4817 p.
255 4746 315 4800 aaa.
789 4751 850 4803 tun
873 4752 947 4803 tear.
967 4770 993 4821 ρ.
1012 4751 1160 4808 esa-eae.

246 4833 276 4900 2)
295 4831 322 4884 lu
345 4831 447 4884 libello:
473 4836 531 4889 llos
548 4839 761 4895 aenoacbrctteo
823 4836 852 4898 ⁴)
872 4836 979 4908 Tflblflss·
1017 4839 1097 4891 ¹h001·
1135 4842 1338 4907 Obtritlathtifl·

211 4921 259 4982 dot
277 4925 306 4978 d·
325 4921 468 4976 Barnabae
481 4931 532 4975 etc.
550 4940 576 4993 p.
597 4924 646 4976 132
658 4941 697 4994 oq.
791 4922 865 4975 1839.
881 4923 899 4977 l.
918 4941 944 4992 p.
963 4924 998 4976 60
1011 4942 1066 4996 sqq.
1087 4938 1112 4981 et
1130 4933 1154 4982 in
1175 4930 1262 4983 libello
1281 4947 1339 4982 meo

199 5063 265 5298 k
787 5025 863 5082 supra
881 5012 959 5064 οἰιιῑο
976 5027 1003 5084 p.
1023 5013 1073 5067 196
1085 5032 1142 5089 sqq.
