3067 6450
394 1198 615 1255 ecmannus
634 1202 680 1255 no
699 1201 773 1257 con.
792 1182 1017 1261 xrxnlxxxm.
1228 1214 1271 1278 9¹1

142 1378 160 1421 a
186 1359 251 1422 Deo
275 1358 391 1424 Jacobo
415 1361 521 1424 tributa
544 1369 630 1441 sunt,
654 1364 900 1446 magnificentiam
924 1367 1077 1451 intelliget.
1123 1372 1169 1434 Ab
1195 1372 1201 1409 ¹
1222 1373 1272 1437 illo

142 1465 223 1527 enim
245 1466 304 1527 orti
326 1472 396 1528 sunt
418 1467 592 1531 sacerdotes
616 1485 721 1532 omnes
744 1476 774 1532 et
797 1470 937 1555 Levitae,
965 1474 1014 1553 qui
1038 1474 1121 1536 altari
1144 1477 1199 1540 Dei
1222 1478 1274 1541 in-

142 1570 299 1644 serviunt3
332 1566 397 1632 ²ab
428 1570 478 1633 illo
502 1572 647 1634 Dominus
669 1575 759 1637 Jesus
788 1576 951 1638 secundum
982 1595 1121 1655 carnem;
1155 1584 1191 1645 ab
1223 1583 1273 1646 illo

143 1692 254 1757 reges,
288 1676 438 1757 principes
468 1684 499 1739 et
530 1676 623 1740 duces
653 1696 707 1759 per
739 1677 877 1741 iamiliam
901 1679 1005 1744 Judae.
1050 1683 1114 1745 Nec
1138 1687 1274 1768 reliquae

144 1781 211 1861 ejus
236 1779 329 1842 tribus
351 1781 382 1842 in
405 1798 500 1862 parvo
523 1780 639 1843 honore
662 1788 749 1859 sunt,
778 1784 967 1863 promittente
990 1785 1105 1848 scilicet
1128 1787 1272 1853 Domino:

144 1878 236 1945 ³ers't
255 1903 357 1947 censen
381 1893 466 1946 tuum
490 1894 638 1966 tanquam
661 1888 771 1948 stellae
796 1887 883 1950 coeli.
929 1887 951 1949 li
974 1908 1050 1971 ergo
1075 1908 1179 1955 omnes
1201 1895 1275 1976 glo·

143 1989 219 2051 riam
242 1995 274 2051 et
296 1988 517 2069 amplitudinem
539 1991 693 2053 consecuti
713 1999 793 2067 sunt,
816 2010 876 2054 non
893 2011 948 2074 per
963 1995 1092 2074 seipsos,
1116 2004 1167 2059 aut
1182 2017 1276 2079 opera

144 2112 209 2172 sua,
234 2099 286 2157 aul
303 2096 400 2177 justas
424 2096 568 2173 actiones,
593 2114 667 2176 quas
691 2095 838 2173 lecerunt,
862 2096 916 2159 sed
933 2116 987 2179 pcr
1003 2099 1184 2162 voluntatem
1201 2103 1275 2184 ejus.

146 2199 182 2261 Et
206 2216 263 2261 nos
287 2200 394 2282 igitur,
423 2218 463 2261 cx
487 2200 637 2262 voluntate
661 2202 727 2282 ejus
750 2202 778 2262 in
803 2201 920 2265 Christo
944 2203 1016 2265 Jesu
1041 2206 1155 2284 vocati,
1185 2202 1276 2270 ⁴non

146 2322 200 2384 per
232 2321 289 2368 nos
320 2306 402 2385 ipsos
425 2304 642 2386 justificamur,
674 2324 773 2386 neque
795 2324 850 2386 per
873 2307 1046 2388 sapientiam
1070 2315 1201 2372 nostram
1227 2306 1277 2373 aut

146 2408 374 2489 intelligentiam
397 2417 447 2472 aut
469 2410 609 2490 pietatem
633 2416 682 2471 aut
705 2428 817 2491 opera,
842 2429 919 2490 quae
942 2412 971 2472 in
995 2413 1094 2475 cordis
1119 2417 1276 2478 sanctitate

146 2514 263 2594 operati
286 2531 399 2592 sumus,
421 2513 477 2577 sed
500 2532 556 2595 per
577 2513 680 2592 fidem,
703 2532 758 2595 per
783 2534 869 2595 quom
893 2517 1080 2597 omnipotens
1104 2519 1187 2582 Deus
1211 2516 1275 2584 ⁵ab

146 2619 229 2680 initio
264 2635 368 2680 omnes
396 2618 585 2700 justificavit;
600 2620 668 2705 ,oui
700 2620 737 2681 sit
770 2620 866 2702 gloria
899 2621 929 2683 iu
959 2622 1061 2685 secula
1093 2626 1276 2688 seculorum.

148 2721 255 2786 Amen.

148 3017 279 3081 xxxtss.
325 3017 370 3079 Ne
400 3018 652 3098 derelinquamus
681 3037 756 3082 cero
788 3020 872 3082 bona
902 3041 998 3102 opera
1025 3030 1055 3083 et
1083 3023 1275 3088 claritatem.

306 3123 440 3203 Operum
462 3121 615 3186 bonoram
637 3123 723 3186 Deos
745 3125 812 3203 ipse
835 3125 926 3187 nobis
949 3128 1130 3204 exemplum.

236 3241 342 3319 ⁶0uid
365 3246 454 3328 igitur
477 3246 630 3322 iaciemus,
654 3244 787 3308 fratres?
832 3247 1022 3309 cessabimus
1045 3263 1062 3307 a
1086 3247 1172 3309 bonis
1196 3264 1276 3326 ope-

147 3351 241 3428 ribus,
266 3356 297 3412 ct
319 3348 491 3414 charitatem
514 3349 782 3430 derelinquemus?
822 3343 1020 3430 'Neutiquam
1044 3349 1101 3413 boc
1124 3347 1202 3431 apud
1220 3366 1276 3411 nos

147 3451 243 3518 ⁸licri
265 3456 415 3536 permittat
438 3456 590 3533 Dominus,
617 3453 673 3516 sed
698 3471 763 3515 cum
787 3453 939 3536 diligentia
963 3460 992 3516 et
1015 3454 1102 3516 animi
1125 3452 1277 3514 alacritate

148 3577 239 3624 omne
262 3577 339 3642 opus
362 3562 474 3623 bonum
496 3577 645 3641 peragere
668 3558 854 3622 festinemus.
902 3554 993 3640 ⁹lpso
1018 3558 1096 3620 enim
1121 3556 1224 3639 opifex
1247 3563 1279 3619 et

148 3666 294 3730 Dominus
318 3666 447 3730 omnium
469 3665 498 3727 in
519 3665 661 3745 operibus
675 3665 739 3727 suis
755 3664 876 3727 exultat.
915 3663 1025 3726 Coelos
1043 3661 1121 3723 enim
1138 3678 1278 3740 suprema

148 3788 203 3832 sua
226 3775 258 3831 et
279 3772 407 3833 maxima
430 3771 562 3850 potentia
584 3769 733 3847 stabilivit,
756 3770 885 3851 illosque
908 3765 1200 3849 incomprehensibili
1224 3782 1278 3828 sua

149 3875 298 3957 sapientia
321 3876 454 3952 ornavit3
478 3882 587 3938 terram
610 3874 697 3937 etiarn
721 3874 756 3936 ab
780 3892 867 3955 aqrra,
891 3892 967 3955 quaa
991 3873 1070 3935 illam
1092 3872 1199 3949 ambit,
1223 3888 1278 3933 se-

150 3981 283 4059 paravit,
315 3987 347 4044 et
378 3998 471 4061 super
505 3979 660 4042 immobile
688 3979 829 4060 propriae
863 3978 1023 4041 voluntatis
1057 3976 1279 4040 fundumentum

151 4083 294 4161 firmavit,
326 4092 357 4147 et
380 4084 531 4161 animalia,
562 4084 691 4165 quaein
715 4084 763 4145 illa
787 4090 964 4160 versantur,
992 4083 1081 4162 jussu
1105 4098 1161 4144 suo
1186 4097 1280 4161 prae-

152 4189 231 4268 cepit
254 4205 343 4263 esse3
373 4205 456 4250 mara
479 4189 583 4265 etiam,
614 4196 644 4251 ct
668 4207 745 4270 quae
770 4189 798 4251 in
822 4189 872 4250 illo
897 4188 1000 4250 vivunt
1028 4186 1181 4263 animalis,
1214 4203 1280 4247 cum

153 4291 234 4369 prius
257 4298 403 4369 creasset,
425 4293 556 4372 potentia
579 4310 633 4355 sua
656 4292 783 4355 inclusit.
821 4291 870 4354 Ad
894 4291 968 4355 baec
990 4290 1098 4355 animal
1121 4289 1279 4353 excellen-

157 4510 294 4578 Collecllo,
317 4513 346 4566 Τ.
367 4514 418 4566 Vll.
440 4532 465 4583 p.
485 4515 540 4578 84).
577 4515 719 4622 Equidem?
765 4516 794 4577 7)
816 4516 955 4578 Μηθαμῶς.
974 4517 1009 4567 il!
1023 4516 1077 4578 Mb,
1096 4530 1147 4565 non
1159 4508 1281 4576 μηδαμῶς,

157 4603 212 4653 satis
230 4603 317 4652 mirari
336 4617 386 4653 uon
405 4618 517 4669 possum,
537 4602 595 4670 quid
609 4618 702 4653 causac
731 4602 767 4651 uti
787 4602 812 4651 in
832 4600 904 4652 libris
922 4604 1061 4668 impressis.
1089 4604 1147 4651 Jse.

159 4685 241 4750 luerit,
254 4704 334 4756 qusrs
348 4688 440 4740 sirille
452 4690 703 4741 doctissimustotum
766 4686 795 4750 8)
815 4688 850 4740 lta
869 4692 927 4740 lun.
948 4696 973 4739 et
993 4692 1051 4740 Jno.
1087 4684 1188 4737 Caetcri
1209 4699 1281 4749 γεγε-

158 4786 203 4826 uou
226 4775 392 4841 exscripserit
410 4775 484 4827 uobis
502 4775 600 4839 locum,
625 4790 704 4841 prce·
717 4807 719 4826 .
732 4776 839 4836 incisas.

160 4862 241 4911 sertim
264 4875 342 4928 quum
365 4860 475 4914 lectione
499 4871 604 4914 atextu
623 4829 720 4934 Coto-¹
767 4861 796 4922 9)
829 4859 943 4911 Citantur
978 4859 1042 4910 baec
1078 4856 1144 4923 apud
1182 4858 1281 4909 dossas.

161 4941 211 4996 lerii
229 4961 332 5000 necnon
349 4962 365 4998 a
384 4947 534 5000 Damasceui
546 4947 636 5000 l'arslt.
655 4963 704 4999 aa·
718 4937 720 5020 Ι
734 4951 874 5009 damasc,
900 4945 994 4997 Sacrae
1019 4942 1110 4994 Parall.
1137 4941 1190 4993 Lib.
1215 4938 1233 4992 l.
1258 4954 1282 4990 a.

162 5032 222 5084 usse
240 5031 323 5085 lanus
341 5033 381 5085 sit.
411 5037 555 5087 Jaconsos.
717 5027 758 5099 is.
772 5032 836 5085 lllll.
849 5029 919 5083 Tom.
932 5029 962 5081 ll.
977 5046 1001 5097 p.
1016 5028 1075 5080 ³10.
1089 5027 1130 5080 ed.
1143 5026 1179 5079 La
1192 5023 1283 5090 Quies.

210 5135 276 5179 sm
290 5141 355 5188 mo
368 5135 406 5178 ss.
420 5135 455 5176 n.
1053 5117 1071 5180 't
