3067 6450
398 1185 536 1240 HERMAE
555 1184 690 1240 nestun.
726 1185 823 1240 LIBER
842 1187 874 1240 ii.
909 1187 1056 1243 uiuunt.
1076 1187 1139 1244 iili.
1267 1194 1328 1261 361

200 1348 321 1426 τελῶν,
364 1345 522 1424 πλοίσου,
566 1344 756 1432 καυχήσεως,
785 1347 982 1429 emendacio,
998 1350 1221 1432 adetraetiune‚
1240 1372 1331 1417 ane-

200 1443 476 1540 nitpqiuqqnuivqg
506 1449 558 1514 καί
588 1442 755 1539 δπερηφα·
784 1454 874 1535 quitia
890 1454 967 1534 ficta,
992 1457 1233 1543 arecordqtione
1249 1460 1332 1542 inju-

202 1555 282 1635 νίας,
305 1554 356 1620 καί
372 1547 526 1643 ψεύδους,
548 1555 602 1621 καί
616 1556 755 1622 naeuiu-
784 1559 1145 1641 riaeetaiannapessinna.
1162 1561 1243 1625 Haec
1255 1564 1333 1627 enim

202 1665 289 1743 λιᾶς,
310 1660 360 1727 καί
384 1655 593 1750 ὑποκρίσεως,
616 1660 667 1726 καί
681 1685 757 1748 naq·
785 1669 853 1726 sunt
868 1680 960 1745 opera
979 1664 1173 1746 iniquitatum,
1193 1670 1333 1749 aquibus

204 1767 368 1846 σικακίσς,
399 1763 450 1830 καὶ
480 1758 587 1854 πάσης
608 1766 756 1854 βλασφη-
785 1769 935 1830 abstinere
944 1776 1190 1850 oportetservunn
1199 1774 1262 1836 Dei.
1276 1774 1333 1848 Oui

203 1871 290 1959 μίας.
341 1878 450 1939 Ταῦτα
472 1867 512 1937 τά
536 1867 612 1958 ἔργα
634 1860 758 1958 πονηρά
785 1873 862 1934 enim
879 1874 914 1935 ab
931 1874 967 1936 iis
982 1875 1132 1939 abstinere
1149 1895 1209 1940 nun
1224 1884 1333 1959 potest,

204 1978 276 2046 ἐστι
304 1985 344 2064 τῇ
374 1976 441 2063 ζωῇ
471 1978 535 2040 σοῖν
567 1972 758 2065 ἀνθρώπων.
786 1976 889 2038 vivere
912 1977 978 2041 Dea
1008 1998 1069 2043 nnn
1103 1986 1208 2061 potest.
1254 1982 1334 2045 dudi

210 2074 339 2150 Τούτων
360 2069 414 2146 οὖν
437 2081 499 2145 euin
521 2075 620 2169 ἔργων
642 2081 694 2146 δεῖ
708 2078 756 2166 ἐγ·
784 2100 873 2161 nunc,
889 2083 992 2162 inquit,
1008 2089 1038 2145 et
1050 2087 1204 2164 sequentia
1218 2106 1333 2150 earum.

204 2180 420 2276 κρατεὺεσθσιι
458 2182 513 2251 τόν
550 2185 665 2251 δοῦλον
700 2191 759 2251 τοῦ
784 2189 820 2252 ΕΙ
844 2188 963 2271 quidem
986 2190 1075 2254 inulta
1097 2200 1165 2256 sunt
1186 2195 1334 2275 adbuc,a

208 2297 303 2361 Θεοῦ.
347 2281 380 2357 Ὁ
402 2292 463 2380 γάρ
494 2286 538 2377 μή
570 2282 756 2379 ε’γκρσπεοό-
785 2294 893 2374 quibus
922 2295 1073 2358 abstinere
1103 2296 1191 2361 debet
1225 2318 1333 2365 servus

203 2420 301 2481 μενος
321 2388 443 2462 τούτων
465 2394 502 2460 οὐ
521 2387 648 2460 δύναται
664 2393 758 2482 ζῆσαι
785 2399 858 2461 Dei:
882 2399 1004 2478 ainrto,
1028 2401 1064 2463 ab
1081 2402 1292 2487 abnegatione,
1316 2426 1334 2470 a

205 2510 256 2588 aqi
273 2502 354 2586 Θεῷ.
381 2493 496 2568 Ἄκουε
511 2499 548 2566 δὲ
562 2499 614 2566 καὶ
628 2498 670 2566 aui
683 2492 758 2566 σ’κό-
785 2502 861 2565 falso
886 2507 1064 2585 testimonia,
1088 2508 1292 2590 acuptditate,
1315 2529 1334 2574 a

205 2609 316 2674 λοσδσι
346 2597 475 2671 τούτων.
500 2645 541 2653 -
564 2604 632 2670 Καὶ
654 2598 758 2672 πολλοί
785 2610 934 2690 superbia,
959 2617 989 2672 et
1011 2629 1219 2694 quaeeunque
1237 2615 1272 2677 iis
1287 2617 1334 2679 si-

205 2710 301 2790 εἰσιν,
332 2703 391 2799 εἶφ’
420 2702 463 2776 ὦν
488 2711 540 2776 δεῖ
561 2705 618 2778 τόν
642 2710 758 2776 δοῦλον
786 2712 864 2776 milia
891 2721 968 2776 sunt.
1013 2717 1158 2781 Videntur
1182 2738 1257 2802 erga
1282 2722 1335 2785 tibi

205 2819 266 2883 τοῦ
278 2818 364 2882 Θεοῦ
374 2811 758 2905 ἐγκρσιε·ιἐσθσι·κλοπι),
786 2818 860 2881 haee
890 2818 964 2884 maia
996 2839 1082 2901 esse,
1115 2842 1152 2886 an
1182 2826 1268 2888 non?
1292 2862 1335 2873 -

208 2922 348 3010 ψεῦδος,
378 2915 612 3009 ιῖποσσὲρρσις,
639 2921 758 3007 abendu-
786 2922 930 3003 Equidem
961 2925 1047 2989 vaide
1074 2928 1148 2991 maia
1171 2937 1240 2992 sunt
1263 2949 1335 2994 ser-

206 3022 377 3114 μαρσορίσι,
389 3025 566 3106 πλεονεξία,
583 3018 759 3106 ἀλαζονεία,
787 3029 830 3088 vis
847 3028 910 3089 bei.
937 3064 976 3075 —
1001 3031 1047 3093 Ab
1071 3032 1116 3095 his
1142 3052 1217 3115 erga
1234 3036 1335 3097 oanni-

206 3133 259 3199 καὶ
283 3127 345 3199 ὅσα
359 3123 489 3205 τούτοις
505 3123 611 3212 ὅμοια.
650 3126 690 3194 Εἰ
706 3118 760 3193 οὖν
787 3130 842 3192 bus
866 3130 955 3194 debet
977 3135 1128 3198 abstinere
1145 3155 1252 3199 servus
1270 3138 1333 3200 [tei.

208 3240 294 3306 δοκεῖ
318 3259 371 3304 σοι
394 3233 518 3323 πονηροὶ
543 3226 621 3300 είνσιι
642 3236 760 3314 ‘cubam
786 3235 911 3297 Abstine
943 3255 1017 3320 ergo
1048 3242 1083 3302 ab
1117 3242 1253 3304 nntnibus
1277 3242 1334 3321 his,

210 3383 251 3391 —
267 3340 334 3409 Καὶ
356 3340 427 3405 λίαν
450 3339 574 3429 πονηροὶ
594 3341 664 3417 τοῖς
687 3330 759 3405 δσδ-
786 3346 819 3402 ut
841 3341 924 3403 vivas
948 3341 1023 3421 Deo,
1052 3351 1081 3406 et
1103 3345 1243 3408 scribaris
1267 3365 1333 3409 eum

207 3448 277 3523 λοις
300 3447 359 3512 τοῦ
376 3447 470 3512 Θεοῦ.
488 3483 528 3493 ·-
544 3437 762 3533 Ἑγκρσίιευσαι
787 3446 1009 3509 abstinentibus.
1056 3449 1082 3511 Α
1116 3450 1222 3530 quibus
1257 3468 1333 3532 ergo

208 3546 264 3618 οὖν
286 3546 355 3615 α’πὸ
377 3550 510 3628 πάντων,
533 3546 586 3615 ἵνα
600 3542 697 3638 ζὴσρς
713 3552 760 3636 τῷ
788 3551 899 3613 debeas
922 3551 1082 3630 abstinere,
1110 3554 1157 3615 itta
1182 3561 1260 3615 sunt.
1305 3554 1333 3618 A

211 3657 294 3739 Θεῷ,
316 3654 370 3719 καὶ
392 3647 573 3743 ἐγγρσφὴσῃ
595 3651 676 3738 μετὰ
698 3663 760 3720 τοῖν
787 3655 893 3736 quibus
917 3661 1014 3718 autent
1031 3674 1092 3719 uun
1109 3657 1220 3719 debeas
1236 3658 1333 3721 absti-

208 3754 489 3848 ε’γκριπεοσμένων.
516 3757 554 3821 ιἈ
568 3757 624 3843 μὲν
641 3751 697 3826 οὖν
712 3761 762 3826 δεῖ
788 3778 871 3837 nere,
894 3760 971 3822 eutii.
1017 3760 1063 3822 Ab
1088 3762 1223 3823 omnibus
1247 3763 1333 3826 bonis

208 3856 473 3951 traducianum,
518 3856 620 3930 ταῦτά
666 3863 758 3931 ἐστιν.
788 3864 928 3945 operibus
967 3863 1029 3926 noli
1067 3865 1234 3945 abstinere,
1278 3866 1333 3929 sed
1381 3937 1385 3944 ,

210 3962 255 4034 “A
271 3965 307 4033 δὲ
327 3968 379 4033 δεῖ
399 3988 435 4033 σε
449 3963 492 4056 μή
506 3963 759 4056 ἐγκρασεδεσδσι,
788 3966 834 4030 iac
858 3968 916 4030 iiia.
954 3969 1044 4048 Audi,
1067 3971 1171 4051 inquit,
1196 3972 1334 4034 virtutem

209 4066 290 4140 ἆλλοῖ
328 4079 450 4151 ποιεῖν,
489 4065 596 4138 ἄκουε·
633 4066 760 4139 πάντων
788 4074 934 4136 banorum
958 4092 1099 4155 opernm,
1123 4093 1200 4155 quae
1223 4074 1335 4139 debeas

210 4180 342 4263 πρῶτον
364 4174 490 4255 πίστις,
516 4171 622 4266 φόβος
643 4176 759 4266 νσρίου,
788 4179 925 4259 operari,
955 4183 986 4239 ut
1009 4178 1110 4240 salvus
1134 4197 1204 4242 esse
1228 4182 1335 4262 possis.

209 4274 355 4364 ὁμόνοια,
370 4274 757 4370 σίγσίπη,ῥὴμσισαδικαιο-
788 4288 913 4349 Primum
945 4289 1074 4349 omnium
1098 4293 1145 4349 est
1167 4287 1262 4370 tides,
1293 4292 1334 4352 ti-

209 4378 310 4473 σδνρς,
335 4378 479 4474 diuidendi,
502 4379 663 4474 δπομονή·
687 4379 759 4451 suti-
788 4409 852 4453 [σοι
875 4391 1009 4468 Dontini,
1033 4391 1177 4471 charitas,
1201 4412 1336 4457 concur-

209 4513 273 4556 των
306 4482 515 4577 οἶγοιίιοίιερον
550 4489 642 4555 οὐδέν
676 4490 760 4557 ἐστιν
789 4494 845 4573 dia,
869 4496 1014 4576 aequitas,
1037 4497 1158 4575 veritas,
1183 4497 1335 4577 patientia,

209 4587 760 4684 ἐντῇζωῇιοῖνσίνθρσίποιν·σοῦτα
788 4600 917 4661 castitas.
953 4600 991 4662 lis
1014 4601 1085 4663 nihil
1109 4607 1154 4662 est
1176 4601 1280 4663 inetius
1305 4601 1334 4661 in

210 4696 264 4764 ε’σίν
292 4720 342 4772 τις
371 4698 540 4786 φυλάσσει,
567 4697 619 4763 καί
640 4693 685 4785 μή
708 4696 758 4785 ἐγ·
788 4704 845 4765 vita
869 4704 1028 4782 bominum,
1055 4705 1105 4784 qui
1130 4703 1205 4765 bueo
1228 4710 1335 4767 custo-

209 4794 394 4890 κρατεύεται
410 4794 592 4881 α’πάδισῖν,
607 4800 760 4888 μακάριός
788 4807 896 4870 dierint
927 4814 956 4870 et
987 4806 1111 4869 iecerint
1136 4808 1164 4868 in
1188 4809 1246 4876 vita
1270 4825 1334 4873 sua.

210 4905 296 4973 ἐστιν
323 4903 356 4971 ἐν
377 4907 418 4992 τῇ
440 4905 507 4993 ζωῇ
526 4904 632 4972 αὐτοῦ.
678 4900 760 4974 Εἶτα
787 4912 903 4974 Deinde
933 4910 1037 4975 burum
1068 4912 1223 4991 sequentia
1253 4912 1332 4977 audi.

210 5007 332 5077 τούτων
368 5003 410 5076 σοὶ
448 5003 612 5077 ἀκόλουθοι
647 5011 759 5079 ἄκουε·
