3067 6450
524 1199 721 1257 ubertatum
739 1203 767 1260 S.
785 1202 915 1258 tudem.
935 1204 965 1262 V.
982 1204 1022 1260 vt
1272 1211 1336 1277 253

208 1360 366 1443 cupiebat,
399 1380 466 1427 cum
500 1364 590 1427 vellet
623 1383 678 1447 per
711 1366 839 1448 vestigia
875 1364 981 1429 ¹l'auli
1012 1364 1150 1449 Apostoli
1183 1366 1334 1432 incedere.

209 1462 283 1527 Cum
307 1484 383 1530 vero
406 1468 525 1532 irruens
548 1477 657 1531 ventus
680 1470 886 1533 vehementior
908 1470 937 1533 id
967 1489 1027 1534 non
1059 1476 1229 1552 pateretur,
1259 1491 1335 1535 nave

207 1572 340 1652 apuppi
363 1572 505 1653 impulsa,
535 1573 651 1636 beatam
682 1574 868 1657 praedicavit
899 1573 1072 1638 charitatem
1102 1573 1226 1638 fratrum
1257 1576 1335 1638 illius

207 1672 285 1753 loci,
317 1682 347 1737 et
377 1677 421 1739 sio
453 1678 734 1761 praeternavigavit.
779 1677 871 1762 lgitur
901 1696 962 1742 uno
995 1678 1043 1741 die
1066 1684 1097 1740 et
1119 1685 1208 1742 nocte
1231 1680 1336 1744 eadem

207 1777 349 1841 secundis
373 1781 470 1843 ventis
493 1782 539 1844 usi
563 1781 800 1862 abducebamur,
833 1799 890 1846 nos
913 1782 1032 1863 quidem
1055 1784 1157 1863 inviti,
1179 1790 1335 1867 gementes

208 1882 249 1946 ob
279 1885 498 1965 separationem
523 1885 597 1968 justi
627 1885 706 1948 illius
737 1906 754 1949 a
784 1886 872 1950 nobis
903 1904 974 1949 mox
1000 1886 1136 1950 futuram.
1182 1886 1223 1950 dt
1244 1888 1272 1950 ei
1296 1907 1336 1952 ex

206 1993 280 2049 voto
313 2005 364 2051 res
399 1991 608 2072 contingebat,
645 1989 796 2054 festinanti
828 2009 846 2053 e
879 1992 988 2054 mundo
1023 1990 1188 2055 discedere.
1234 1991 1334 2066 Quare

207 2110 276 2155 cum
298 2094 468 2176 navigando
491 2095 682 2177 pervenisset
704 2095 733 2157 in
758 2101 863 2178 portus
885 2094 1097 2173 Romanorum,
1124 2096 1252 2177 finisque
1274 2097 1334 2158 im-

206 2198 309 2261 mundi
331 2199 492 2280 spectaculi
515 2199 697 2277 immineret,
728 2200 835 2263 milites
866 2199 1032 2264 tarditatem
1062 2219 1155 2285 aegre
1178 2200 1314 2265 ferebant
1322 2221 1331 2277 ;

207 2309 238 2365 at
262 2303 421 2386 episcopus
443 2302 578 2388 gaudeus
602 2303 778 2388 urgentibus
801 2304 932 2385 parebat

393 2495 440 2558 VI.
485 2473 629 2574 ignotius
652 2493 771 2556 Romae
795 2511 815 2556 a
838 2493 948 2556 bestiis
971 2495 1148 2559 decoratur.

296 2617 377 2680 lllinc
400 2635 475 2699 ergo
499 2616 635 2679 abierunt
656 2616 692 2679 ab
717 2634 773 2695 eo,
796 2616 846 2697 qui
870 2616 977 2679 dicitur
999 2615 1132 2681 ²l'ortus
1159 2614 1235 2699 (jam
1258 2633 1332 2679 vero

205 2740 312 2803 sparsa
336 2728 400 2783 erat
429 2723 522 2783 sancti
553 2720 692 2801 martyris
722 2717 837 2802 fama);
869 2718 1051 2785 ³obviamus
1081 2719 1222 2784 fratribus
1252 2727 1332 2783 metu

206 2832 237 2888 et
260 2825 370 2908 gaudio
393 2826 525 2907 repletis,
548 2824 745 2907 gaudentibus
769 2824 904 2904 quidem,
932 2825 1013 2907 quod
1036 2843 1205 2908 congressu
1228 2825 1332 2888 Tbeo-

204 2929 294 3011 pbori
316 2930 398 2992 Deus
421 2931 503 3012 ipsos
526 2935 608 2991 esset
630 2928 785 3010 dignatus,
817 2930 985 2992 timentibus
1009 2937 1123 3008 autem,
1155 2928 1235 3010 quod
1265 2929 1331 2992 talis

205 3033 253 3094 rir
268 3033 305 3096 ad
321 3040 447 3097 mortem
463 3033 629 3096 duceretur.
668 3031 819 3106 Quosdam
836 3034 922 3096 etium
938 3034 1060 3111 monuit,
1082 3040 1114 3095 ut
1129 3034 1330 3114 quiescerent,

205 3139 257 3220 qui
281 3138 437 3202 fervebant
459 3139 646 3219 aiebautque,
668 3156 703 3200 se
726 3137 867 3218 populum
891 3155 961 3199 esse
983 3136 1152 3214 sedaturos,
1176 3154 1215 3197 ne
1236 3136 1330 3197 virum

196 3243 315 3325 iustum
345 3243 381 3307 ad
412 3262 516 3307 necem
548 3248 715 3325 quaereret.
760 3242 818 3317 Oui
848 3261 915 3308 cum
944 3241 1100 3306 confestim
1133 3259 1196 3303 rem
1225 3240 1330 3319 spiritu

205 3348 402 3429 cognovisset
434 3354 464 3410 et
497 3366 601 3411 omnes
636 3345 813 3425 salutasset,
851 3353 882 3408 et
919 3348 955 3409 ab
992 3346 1028 3407 iis
1062 3362 1165 3406 verum
1199 3362 1329 3407 amorem

203 3452 340 3532 pluribus
356 3454 466 3531 verbis,
491 3472 577 3533 quam
601 3453 631 3514 in
653 3448 816 3534 ‘epistole
840 3452 984 3534 petiisset,
1007 3451 1104 3531 iisque
1120 3450 1329 3531 persuasisset,

204 3571 243 3617 ne
267 3556 324 3617 sibi
348 3557 516 3619 inviderent
537 3554 573 3617 ad
589 3555 745 3619 Dominum
763 3554 922 3632 festinanti,
946 3573 1034 3633 nunc,
1057 3561 1211 3636 postquam
1232 3554 1329 3617 cuncti

205 3657 314 3722 fratres
337 3678 436 3742 genua
458 3660 623 3738 flexissent,
646 3660 772 3741 ipseque
795 3659 885 3722 filium
905 3659 959 3722 Dei
982 3678 1037 3741 pro
1062 3660 1197 3722 ecclesiis
1220 3666 1251 3722 et
1273 3676 1329 3739 pro

204 3766 374 3828 cessatione
397 3765 615 3847 persecutionis
646 3770 675 3825 et
704 3780 760 3846 pro
792 3770 893 3826 mutuo
923 3762 1045 3825 fratrum
1069 3764 1146 3826 inter
1170 3779 1204 3823 se
1227 3779 1329 3847 amore

202 3876 344 3950 precatus
367 3875 462 3947 esset,
487 3867 630 3931 abductus
653 3874 699 3930 est
720 3867 878 3931 confestim
901 3869 931 3931 in
956 3868 1208 3961 amphitheatrum.
1253 3865 1330 3928 Dein

201 3972 281 4036 illico
305 3974 335 4035 in
358 3972 388 4037 id
411 3973 558 4036 immissus
588 3992 628 4035 ex
651 3973 789 4036 mandato
813 3972 951 4036 Caesaris
975 3968 989 4009 7
1002 3971 1117 4053 pridem
1149 3969 1237 4050 dato,
1268 3968 1328 4032 fine

202 4077 442 4159 spectaculorum
465 4077 635 4139 imminente
659 4074 743 4159 (erat
758 4078 836 4140 enlm
852 4077 1005 4154 solemnis,
1029 4082 1060 4139 ut
1080 4074 1230 4156 putabant,
1254 4075 1329 4153 dies,

203 4181 254 4262 qui
277 4182 384 4245 dicitur
405 4200 527 4245 romana
549 4182 650 4264 lingua
673 4177 805 4244 ⁶tertius
831 4181 979 4259 decimus,
1006 4197 1065 4260 quo
1093 4178 1229 4241 studiose
1253 4196 1328 4242 con-

202 4283 378 4368 venerant),
402 4287 446 4349 sic
468 4284 639 4349 crudelibus
662 4284 734 4349 feris
753 4287 839 4368 juxta
866 4278 878 4319 7
893 4283 1033 4364 templum
1056 4290 1102 4346 est
1124 4284 1272 4366 objectus,
1296 4288 1327 4345 ut

201 4508 258 4578 quta
277 4507 338 4560 anta
356 4508 452 4576 aliquot
475 4524 576 4561 merser
600 4509 750 4560 sententiam
813 4508 843 4575 7)
869 4506 931 4560 Erat
959 4505 1173 4575 Amphitheatrum
1203 4515 1247 4559 aut
1272 4504 1328 4560 Jori

200 4596 375 4662 mouutiarat
393 4594 525 4660 Trajanus.
553 4597 689 4646 Curarem.
778 4593 878 4660 latiari,
898 4602 941 4646 aut
953 4594 1052 4662 Stygio,
1070 4601 1096 4644 ct
1108 4593 1205 4646 Dianae
1217 4609 1327 4658 merum,

234 4682 266 4749 6)
284 4679 325 4732 Sc.
344 4688 404 4733 ante
423 4680 548 4734 Calendaa
566 4680 705 4743 lanuarias,
725 4686 753 4730 ut
778 4681 942 4750 quamobrem
954 4682 1043 4732 mirum
1056 4695 1107 4731 non
1120 4687 1169 4744 ert,
1187 4679 1229 4730 bic
1242 4678 1327 4746 templi

201 4783 232 4820 cx
250 4782 309 4835 cap.
322 4763 366 4817 Vll
385 4775 505 4835 apparet:
521 4765 616 4834 ἐγένετο
630 4763 658 4816 dl
674 4768 751 4815 ταῦτα
778 4766 1006 4819 mentionemllcrl.
1027 4768 1164 4818 Gurmcua.
1191 4765 1327 4818 Vetusiu-

200 4853 229 4916 τῇ
254 4850 304 4919 πρὸ
330 4849 459 4919 δεκατριῶν
482 4851 618 4902 Καλανδῶν
643 4848 750 4902 'levoud-
778 4861 876 4923 lerpm
890 4853 1015 4922 conlegit
1029 4854 1063 4917 τῷ
1076 4855 1132 4918 ναῷ,
1150 4850 1228 4905 hebel
1246 4852 1326 4903 euim:

200 4939 264 5005 ρίαν.
289 4938 338 4991 Dia
351 4939 393 4990 illo
406 4938 601 4992 celebrabantur
613 4939 679 4992 biuia
691 4940 750 4991 die·
777 4945 809 4994 ab
826 4944 928 5011 impiis,
947 4940 1055 4990 fortasse
1073 4936 1178 5004 legens:
1197 4934 1261 5005 παρα·
1279 4939 1328 4986 τῶν

200 5019 249 5078 lter
265 5028 417 5098 Sigillaria,
437 5026 749 5093 adjecrnsumatttue.
776 5021 881 5076 &mcor
897 5027 953 5079 aire
969 5020 1076 5089 α’νόμων.
1102 5024 1193 5078 surra.
