3067 6450
233 1168 299 1233 344
474 1156 612 1212 unumne
631 1155 767 1210 PASTOR.
806 1152 939 1207 LIBERI.
976 1151 1060 1205 VISIO
1078 1152 1121 1206 lv.

234 1323 381 1389 dubitasti.
426 1318 509 1383 Vade
533 1337 619 1400 ergo,
642 1324 672 1381 et
695 1334 803 1380 enarra
826 1316 931 1378 electis
955 1315 1010 1377 Dei
1033 1313 1181 1398 magnalia
1207 1314 1314 1395 ipsius,
1338 1322 1367 1378 et

234 1431 316 1492 dices
340 1427 405 1505 illis,
429 1424 508 1507 quod
532 1425 625 1486 bestia
650 1423 724 1485 haec
747 1421 843 1503 ligura
867 1427 913 1482 est
931 1437 1093 1500 pressurae
1112 1425 1365 1501 superventurae.

235 1534 265 1598 Si
290 1550 364 1614 ergo
388 1529 638 1612 praeparaveritis
663 1545 729 1606 vos,

236 1636 245 1675 ¹
263 1626 460 1722 ἑκφείξεσθε
490 1625 543 1718 τήν
567 1625 723 1716 ἐνέργειαν
744 1628 786 1692 τὲ
818 1628 976 1713 'poteritis
1000 1629 1135 1712 effugere
1157 1629 1248 1711 illam,
1271 1632 1299 1694 si
1313 1649 1364 1698 cor

185 1784 193 1795 ι
235 1736 339 1828 dypia,
362 1731 415 1802 ἐὰν
436 1732 585 1823 r‘uopdr'o
599 1731 687 1815 ὑμῶν
701 1729 786 1819 γένη-
817 1741 948 1798 vestrum
980 1734 1068 1798 luerit
1098 1753 1207 1817 purum
1238 1754 1274 1798 ac
1301 1736 1363 1799 sine

234 1867 288 1908 ται
309 1834 439 1930 καθαροὶ
462 1838 514 1905 καὶ
535 1832 669 1922 ἄμωνος,
812 1840 937 1918 macula,

235 1958 265 2014 et
297 1948 431 2030 reliquos
467 1949 531 2011 dies
566 1950 644 2024 vitae
678 1950 799 2009 vestrae
832 1946 998 2007 servieritis
1031 1944 1095 2006 Deo
1130 1944 1199 2007 sine
1232 1947 1361 2027 querela

235 2053 409 2117 ²Immittite
433 2052 646 2117 sollicitudines
664 2058 781 2114 vestras
798 2068 890 2131 super
905 2049 1072 2128 Dommum,
1096 2051 1209 2131 etipse
1234 2047 1362 2136 ³diriget
1385 2080 1389 2092 ¹

236 2177 297 2223 eas.
343 2158 462 2222 Credite
486 2158 568 2238 Deo,
601 2159 651 2239 qui
674 2157 746 2218 estis
773 2155 871 2235 dubii,
901 2156 1039 2235 quoniam
1064 2153 1161 2216 omnia
1186 2161 1304 2237 potest,
1334 2164 1362 2219 et

237 2271 375 2327 avertere
406 2265 478 2326 iram
508 2282 592 2325 suam
615 2282 631 2324 a
655 2262 757 2340 vobis,
789 2267 819 2322 ct
849 2258 964 2323 mittere
987 2260 1073 2323 vobis
1096 2260 1256 2339 praesidia.
1301 2262 1360 2324 Vae

236 2369 332 2432 dubiis
355 2369 408 2447 iis,
439 2369 489 2449 qui
513 2367 661 2429 audierint
685 2367 777 2428 verba
800 2365 884 2444 baec,
910 2372 939 2426 et
963 2366 1179 2428 contemserint
1187 2385 1197 2441 ;
1231 2363 1360 2430 *melus

238 2479 303 2536 erat
326 2473 383 2534 illis
407 2491 467 2534 non
493 2472 604 2534 nasci.“

323 2577 368 2638 III.
401 2577 586 2660 Interrogavi
603 2595 667 2639 eam
684 2574 721 2637 de
739 2576 795 2638 illis
812 2581 940 2655 quatuor
956 2574 1117 2654 coloribus,
1142 2593 1222 2656 quos
1238 2574 1359 2638 babebat

237 2683 330 2745 bestia
365 2683 394 2742 in
428 2683 532 2763 capite.
579 2681 618 2743 At
651 2681 698 2742 illa
729 2679 882 2761 respondit
913 2680 981 2741 nribi
1014 2679 1135 2762 dicens:
1172 2683 1301 2759 ,iterum
1332 2688 1360 2743 to

237 2788 373 2848 curiosus
393 2804 437 2864 es,
462 2786 499 2847 de
515 2786 605 2848 rebus
623 2785 790 2868 hujusmodi
806 2786 1024 2867 interrogans.“
1056 2783 1093 2845 Et
1109 2785 1186 2847 dixi:
1215 2784 1358 2864 „domina

238 2891 409 2952 demonstra
433 2890 513 2968 mibi,
538 2891 607 2970 quid
631 2891 689 2951 sint
711 2890 791 2951 illa.“
840 2889 968 2967 „Audi,“
994 2890 1103 2968 inquit:
1130 2889 1224 2966 ,illud
1249 2892 1358 2974 ulgrum

238 2996 364 3058 mundus
380 3003 436 3075 est,
460 2995 488 3056 in
505 3013 565 3075 quo
582 2995 823 3057 commoramini:
847 2995 967 3076 igneum
987 2993 1084 3055 autem
1100 3000 1130 3056 et
1145 2996 1358 3077 sanguinolen·
1402 3030 1406 3035 ·

238 3107 307 3180 tum,
331 3101 470 3181 quoniam
495 3106 614 3180 oportet
636 3099 770 3160 seculum
794 3097 852 3160 hoc
875 3118 930 3180 per
949 3099 1126 3181 sanguinem
1143 3106 1173 3161 et
1190 3101 1290 3182 ignem
1306 3099 1356 3162 de-

137 3190 156 3201 ’
215 3200 355 3287 “perire3
379 3224 469 3267 aurea
494 3211 590 3266 autem
614 3221 683 3287 pars
701 3220 755 3267 vos
774 3204 855 3282 estis,
879 3204 929 3284 qni
954 3200 1130 3284 ⁵ellogistis
1147 3205 1281 3268 seculum
1297 3205 1356 3268 boc.

238 3307 352 3373 ⁶Sicut
375 3311 452 3372 enim
475 3328 530 3391 per
553 3310 652 3391 ignem
677 3328 780 3372 aurum
804 3309 948 3390 probatur
971 3316 999 3370 et
1023 3308 1094 3370 utile
1117 3308 1166 3385 lit3
1190 3312 1236 3371 sic
1258 3316 1288 3372 et
1307 3325 1356 3371 vos

238 3415 422 3495 probamini,
459 3416 509 3495 qui
541 3414 676 3477 habitatis
708 3415 737 3476 in
763 3408 856 3477 ⁷illis.
902 3414 958 3488 Oui
984 3415 1073 3496 igitur
1095 3417 1311 3495 permanserim
1330 3420 1355 3477 et

117 3540 120 3550 ’
237 3520 501 3603 perseveraverint
524 3515 553 3581 et
572 3520 688 3601 probati
707 3518 817 3580 luerint
832 3520 868 3580 ab
893 3512 971 3597 ⁸cis,
994 3520 1209 3601 purgabuntur.
1241 3520 1276 3581 Et
1290 3520 1354 3581 sicut

239 3642 343 3685 nurum
368 3623 551 3705 emundatur,
575 3630 604 3685 et
627 3624 747 3686 remittit
770 3624 891 3687 sordem
914 3642 1014 3700 suam;
1038 3625 1081 3686 sic
1101 3632 1131 3688 et
1148 3644 1204 3688 vos
1221 3625 1353 3707 abjicietis

238 3745 357 3790 omnem
388 3728 530 3790 tristitiam
560 3734 590 3789 et
612 3730 793 3810 angustiam,
827 3735 856 3789 et
880 3728 1107 3790 emundabimini
1131 3730 1161 3791 in
1184 3736 1353 3792 structuram

238 3834 337 3896 turris.
368 3832 443 3898 Alba
467 3841 565 3896 aulem
589 3852 657 3915 pars
681 3836 890 3917 superventuri
914 3839 961 3896 est
983 3834 1088 3911 seculi,
1112 3834 1141 3894 in
1166 3852 1228 3914 quo
1248 3835 1356 3898 habita·¹

174 3989 178 3996 .
237 3936 310 3999 bunt
332 3936 420 3999 electi
443 3936 508 4014 Dei,
532 3938 671 4017 quonlam
695 3938 869 4002 immaculati
894 3946 923 4001 et
946 3939 1011 4021 puri
1036 3944 1123 3999 erunt
1147 3939 1237 4001 electi
1258 3940 1310 4001 Dei
1329 3939 1353 3999 in

237 4039 327 4102 vitam
350 4047 510 4103 aeternam.
542 4042 585 4103 Tu
608 4061 683 4125 ergo
707 4063 745 4106 ne
770 4044 888 4124 desinas
911 4044 993 4124 loqui
1010 4045 1084 4105 baec
1099 4044 1224 4105 auribus
1240 4050 1353 4105 sancto·

93 4159 98 4166 ·
195 4183 204 4194 „
237 4157 311 4203 rum.
357 4144 479 4208 Habetis
512 4153 543 4208 et
575 4147 698 4230 liguram
730 4149 926 4211 tribulationis
957 4155 1198 4229 superventurae
1231 4165 1352 4231 magnae.

237 4239 312 4308 Nam
336 4249 440 4313 sivos
465 4250 629 4331 volueritis,
654 4247 752 4315 ⁹ninit
777 4255 841 4315 erit.
887 4253 919 4314 In
943 4259 1041 4313 mente
1063 4251 1173 4314 habete
1197 4255 1264 4332 ista,
1288 4269 1353 4335 quae

236 4354 422 4452 praescripta
438 4356 536 4417 sunt.“
561 4358 642 4420 Haec
658 4377 747 4438 quum
765 4358 899 4436 dixisset,
917 4356 1062 4418 discessit.
1095 4357 1162 4420 Non
1180 4359 1241 4420 vidi
1258 4364 1352 4433 autem,

236 4585 238 4590 -
273 4554 302 4623 1]
322 4551 676 4627 orannimsnomnno.
690 4563 786 4631 pseu.
849 4562 878 4626 5)
898 4558 948 4612 cn.
968 4559 991 4612 n
1010 4560 1075 4612 ren.
1094 4562 1121 4626 2,
1141 4561 1184 4612 ao.

235 4638 279 4694 od·
299 4639 393 4699 Veniet.
850 4650 880 4712 dt
900 4647 950 4701 etr.
971 4646 980 4697 I
1000 4646 1066 4701 Petr.
1087 4650 1111 4711 l,
1131 4650 1155 4699 7.

146 4715 150 4730 ¹
270 4723 301 4791 2)
321 4728 363 4782 Pa.
383 4734 426 4801 54,
444 4732 486 4788 23.
522 4732 701 4800 detrusus.
726 4734 786 4787 Luc.
850 4737 878 4800 7)
896 4735 915 4786 I.
936 4751 958 4785 e.
981 4733 1158 4798 hujusmundi
1179 4737 1322 4791 homiuibus.

189 4865 196 4882 ,
237 4809 280 4878 12,
301 4812 344 4866 22.
373 4818 437 4873 Part
457 4822 483 4886 l,
502 4821 526 4875 6.
617 4827 619 4831 ’
851 4823 880 4890 8)
900 4821 941 4873 Sc.
961 4821 1104 4873 bominibus
1123 4822 1198 4890 hujus
1216 4826 1300 4878 seculi.

271 4893 301 4959 ³)
320 4897 588 4960 ltacodexlnmbeth.
609 4906 787 4977 Aliizdiripat.
850 4908 879 4976 9)
897 4908 916 4958 1.
936 4924 959 4960 e.
985 4924 1036 4959 non
1060 4910 1134 4961 vobis
1158 4914 1275 4977 nocebit,
1297 4913 1349 4964 sieut

271 4979 302 5058 4)
320 4982 409 5042 Ilattia.
428 4993 472 5063 26,
491 4993 533 5046 24.
562 4991 638 5048 llaec.
659 4996 701 5063 14,
720 4996 762 5048 21.
816 4995 924 5047 Hermae
942 4996 1023 5051 beotia
1041 4998 1084 5051 itta
1101 4984 1155 5052 ¹mm
1173 5003 1269 5063 nocuit.
