3067 6450
496 1206 515 1261 ι
533 1205 718 1261 cssusnns
737 1207 783 1262 no
802 1206 876 1263 oon.
897 1208 950 1263 vn.
968 1208 1032 1262 vni.
1283 1214 1346 1278 05.

200 1375 232 1432 et
263 1367 427 1446 discemus,
462 1367 543 1449 quod
578 1368 607 1429 in
631 1370 710 1430 omni
732 1370 944 1452 generatione,
981 1370 1149 1433 volentibus
1172 1369 1208 1433 ud
1232 1372 1326 1451 ipsum

202 1474 362 1552 converti,
402 1472 548 1535 Dominus
589 1472 790 1553 poenitentioe
832 1474 929 1536 iocum
972 1476 1166 1538 concesserit.
1226 1475 1328 1539 'Noe

200 1578 404 1659 poenitentioe
429 1592 541 1658 praeco
566 1577 638 1654 init,
661 1585 693 1640 ut
715 1579 766 1659 qui
790 1579 818 1640 ei
842 1579 1095 1660 obtemperarunt,
1121 1581 1225 1642 salvati
1250 1586 1326 1643 sunt.

201 1679 325 1745 ²Jonas
347 1681 486 1744 Ninivitis
513 1681 662 1745 excidium
685 1681 885 1764 praedionn¹it;
917 1683 958 1745 iiii
990 1691 1104 1764 nutem,
1137 1690 1327 1766 poeoniorum

203 1786 416 1867 poenitentium
440 1793 576 1869 egentes,
599 1788 738 1869 precibus
761 1787 856 1849 Deum
881 1788 1043 1869 placarunt,
1067 1795 1097 1851 et
1114 1789 1237 1853 sulutem
1250 1807 1329 1852 con-

203 1893 298 1955 secuti
321 1898 408 1971 sunt,
433 1891 503 1954 licet
526 1892 614 1956 uiieni
638 1911 655 1955 u
679 1893 743 1957 Deo
769 1899 881 1955 essent.

608 2086 677 2149 vni.
724 2083 937 2147 Continuutio.

296 2207 424 2272 Divinae
447 2209 563 2290 gratioe
585 2209 711 2271 ministri
722 2207 831 2288 Spiritu
854 2211 959 2268 saneto
982 2205 1072 2269 uiiiuti
1096 2205 1135 2269 de
1149 2206 1331 2289 poenitentis

204 2310 318 2392 loquuti
341 2321 418 2376 sunt.
456 2312 525 2394 ipse
540 2315 626 2376 etium
649 2332 748 2375 rernm
774 2312 903 2375 omnium
920 2312 1062 2376 Dominus
1077 2332 1145 2375 cum
1160 2315 1331 2396 juramento

204 2416 241 2478 de
264 2420 447 2498 poenitentia
460 2419 601 2500 loquutus
625 2424 684 2481 est:
708 2414 820 2492 ³oioo,
846 2417 947 2497 inquit
961 2417 1124 2495 Dominus,
1151 2419 1225 2481 noio
1247 2437 1331 2478 mor·

205 2530 263 2582 iem
295 2525 485 2601 peccatoris,
521 2525 604 2585 sicut
635 2524 882 2603 poenitentium
921 2521 1034 2585 addens
1068 2524 1190 2604 insuper
1222 2524 1330 2586 dictum

206 2628 379 2709 egregium:
410 2625 630 2708 'resipiscitm
660 2630 770 2691 donno
799 2626 919 2702 Israel,
953 2627 992 2687 oi
1023 2626 1188 2707 iniquitate
1216 2635 1331 2690 oestro.

206 2726 296 2793 ⁵Dio
316 2732 393 2811 filiis
411 2734 522 2813 populi
544 2736 622 2795 mei:
643 2729 698 2795 ⁶si
718 2739 853 2812 peccota
877 2740 981 2794 oestro
1003 2751 1024 2793 u
1040 2742 1127 2794 terro
1150 2734 1192 2793 od
1216 2735 1332 2794 coetum

205 2855 303 2917 usque
323 2840 523 2918 pertinpont,
546 2840 576 2901 si
599 2858 692 2901 cocco
715 2836 865 2899 rubriore
889 2845 918 2898 et
941 2837 1046 2899 cilicio
1072 2831 1237 2918 ⁷niprioru
1258 2838 1332 2917 sue·

206 2942 288 3017 rint,
312 2950 343 3004 et
364 2936 434 3004 8αά
456 2962 503 3005 ms
519 2962 560 3004 eu·
583 2950 646 3006 toto
669 2942 765 3005 corde
790 2944 935 3004 conuersi
957 2941 1085 3019 fueritis
1115 2951 1145 3004 ot
1171 2942 1331 3018 disseritis,

207 3043 318 3119 Putem
347 3054 495 3127 tunquam
523 3042 538 3083 ⁹
545 3047 667 3127 populo
698 3055 812 3110 sancio
843 3065 951 3109 aurem
976 3045 1065 3109 uobis
1084 3046 1251 3126 praebebo.
1296 3046 1333 3110 Et

206 3150 317 3212 inuiio
341 3149 410 3213 iooo
432 3152 477 3213 sio
500 3151 587 3214 dicit:
613 3145 641 3188 ¹⁰
650 3150 803 3215 iuoomini
826 3159 856 3213 et
878 3152 1083 3227 mundamini,
1106 3150 1228 3230 auseris
1250 3152 1333 3214 maio

208 3274 248 3319 eu
269 3256 436 3318 animabus
464 3258 597 3334 nestris,
634 3256 673 3318 ob
708 3258 809 3320 oeulis
839 3258 915 3319 meis
922 3278 934 3329 ;
968 3256 1119 3337 quiescite
1149 3274 1169 3316 o
1200 3255 1333 3317 niaiitiis

210 3362 343 3438 uestris,
366 3361 479 3423 discite
499 3360 609 3439 socero
631 3361 764 3437 bonum,
789 3364 931 3440 quaerite
954 3368 1086 3435 rentum,
1120 3359 1250 3421 liberate
1274 3377 1332 3438 op·

206 3485 367 3546 pressum,
385 3466 528 3545 Judiuute
547 3466 688 3546 pupilio,
720 3473 750 3526 et
765 3465 938 3544 justificate
960 3464 1107 3535 uiduam
1130 3471 1159 3524 st
1180 3465 1282 3525 veniis
1305 3471 1335 3525 st

211 3569 235 3609 ¹¹
250 3572 462 3650 disputemus,
492 3571 570 3632 dicit
590 3570 754 3633 Dominus.
799 3569 892 3632 Etsi
916 3569 1037 3647 suerint
1064 3577 1198 3647 peccam
1228 3575 1334 3631 oestro

209 3678 301 3757 quusi
321 3675 537 3755 phoenicium,
560 3676 644 3737 sicut
666 3677 768 3736 niuem
791 3673 961 3750 dealbabo,
985 3674 1013 3736 si
1037 3680 1137 3736 autem
1158 3672 1279 3750 suerint
1300 3680 1335 3734 ut

209 3781 390 3857 coccinum,
420 3781 504 3842 siout
524 3780 637 3859 ‚ionum
659 3779 823 3842 dealbabo.
867 3780 961 3842 Etsi
984 3778 1147 3842 uolueritis
1170 3784 1201 3839 et
1223 3777 1334 3838 nudie·

207 3886 281 3948 ritis
302 3902 369 3960 me,
399 3883 485 3947 bono
507 3891 610 3946 terroe
634 3884 801 3948 comedetis
807 3903 820 3956 ,·
850 3886 879 3946 si
900 3890 1002 3945 uuiem
1023 3883 1211 3958 uolueritis,
1235 3899 1334 3962 neque

208 3987 439 4051 exaudientem
467 4007 534 4066 me,
565 3989 694 4070 piodius
722 3988 887 4051 devorabit
916 4007 993 4061 oos‚·
1027 4007 1064 4052 os
1094 3989 1175 4050 enim
1204 3987 1335 4051 Domini

208 4095 344 4158 ioeutum
366 4095 520 4158 estimo.
565 4095 677 4158 Volons
701 4095 808 4176 igitur,
841 4110 945 4155 omnes
978 4091 1104 4155 dilectos
1127 4110 1201 4156 suos
1223 4092 1335 4173 poeni·

207 4199 320 4262 tentius
341 4195 407 4259 tisri
429 4200 613 4282 participes,
646 4196 672 4236 ¹⁸²
688 4199 808 4262 oiintnm
831 4195 903 4261 iliud
927 4197 1123 4278 omnipotenti
1146 4213 1201 4261 suu
1224 4197 1334 4260 volun-

208 4309 267 4366 tate
285 4303 449 4366 roboravit

242 4611 272 4679 8)
291 4612 344 4666 Cis·
365 4611 416 4666 lor.
437 4614 463 4679 3,
482 4615 524 4667 22.
545 4614 585 4668 19.
675 4613 678 4618 ’
806 4613 850 4681 ii)
869 4611 912 4663 tin
932 4608 1105 4678 διελυχθῶμεν,
1124 4613 1198 4666 mitio.

243 4700 274 4765 9)
293 4698 332 4752 ite
350 4697 430 4754 ciem.
449 4699 531 4767 Aion,
553 4699 660 4753 lundens
678 4700 758 4754 verbu
806 4701 850 4768 ¹2)
869 4698 1064 4751 Eiintumiiiudt
1077 4703 1333 4763 nutumurtumpeu·

211 4784 273 4839 bueo
294 4785 373 4841 Paeo.
391 4786 417 4853 1,
437 4785 478 4839 10.
502 4804 528 4856 p.
549 4787 607 4840 ¹52.
646 4787 690 4839 iis.
710 4787 759 4854 λαῷ
786 4790 887 4841 sutoris
906 4794 955 4837 eto.
975 4786 1047 4851 (vioe
1067 4786 1162 4836 initium
1186 4781 1261 4846 hujus
1286 4793 1333 4830 eu-

212 4868 270 4936 «ipio
785 4874 856 4942 pitis)
870 4873 939 4926 Deus
948 4871 1092 4938 juramento
1105 4873 1154 4937 (=
1167 4865 1334 4933 omnipotenti

232 4923 273 5025 to)
291 4957 349 5012 imi.
370 4959 395 5029 i,
416 4961 527 5014 16-20.
786 4975 831 5014 suu
850 4959 996 5028 voluntate)
1014 4957 1152 5010 mbonvn.

263 5151 506 5204 mmmm.
1103 5130 1123 5196 5
