<?xml version="1.0" encoding="UTF-8"?>
<!DOCTYPE html PUBLIC "-//W3C//DTD XHTML 1.0 Transitional//EN"
    "http://www.w3.org/TR/xhtml1/DTD/xhtml1-transitional.dtd">
<html xmlns="http://www.w3.org/1999/xhtml" xml:lang="en" lang="en">
 <head>
  <title>
</title>
<meta http-equiv="Content-Type" content="text/html;charset=utf-8" />
  <meta name='ocr-system' content='tesseract 3.04.00' />
  <meta name='ocr-capabilities' content='ocr_page ocr_carea ocr_par ocr_line ocrx_word'/>
</head>
<body>
  <div class='ocr_page' id='page_1' title='image "./patrumapostolic01hefegoog_0359.png"; bbox 0 0 3067 6450; ppageno 0'>
   <div class='ocr_carea' id='block_1_1' title="bbox 372 1190 1261 1264">
    <p class='ocr_par' dir='ltr' id='par_1_1' title="bbox 372 1190 1261 1264">
     <span class='ocr_line' id='line_1_1' title="bbox 372 1190 1261 1264; baseline 0.007 -18"><span class='ocrx_word' id='word_1_1' title='bbox 372 1190 497 1247; x_wconf 78' lang='lat' dir='ltr'>tunam</span> <span class='ocrx_word' id='word_1_2' title='bbox 513 1190 672 1249; x_wconf 68' lang='lat' dir='ltr'>seurota</span> <span class='ocrx_word' id='word_1_3' title='bbox 691 1191 737 1246; x_wconf 78' lang='grc' dir='ltr'>ΑΙ)</span> <span class='ocrx_word' id='word_1_4' title='bbox 755 1190 982 1249; x_wconf 72' lang='grc' dir='ltr'><strong>ΡΟΠΕΑΗΡΠΙ.</strong></span> <span class='ocrx_word' id='word_1_5' title='bbox 1001 1192 1022 1247; x_wconf 91' lang='lat' dir='ltr'>i.</span> <span class='ocrx_word' id='word_1_6' title='bbox 1197 1198 1261 1264; x_wconf 82' lang='lat'>235</span> 
     </span>
    </p>
   </div>
   <div class='ocr_carea' id='block_1_2' title="bbox 436 1524 959 1582">
    <p class='ocr_par' dir='ltr' id='par_1_2' title="bbox 436 1524 959 1582">
     <span class='ocr_line' id='line_1_2' title="bbox 436 1524 959 1582; baseline 0.002 -3"><span class='ocrx_word' id='word_1_7' title='bbox 436 1524 959 1582; x_wconf 61' lang='grc' dir='ltr'>11111011011111111.ι</span> 
     </span>
    </p>
   </div>
   <div class='ocr_carea' id='block_1_3' title="bbox 223 1667 1263 1965">
    <p class='ocr_par' dir='ltr' id='par_1_3' title="bbox 223 1667 1263 1965">
     <span class='ocr_line' id='line_1_3' title="bbox 223 1667 1263 1756; baseline 0.003 -22"><span class='ocrx_word' id='word_1_8' title='bbox 223 1671 363 1756; x_wconf 83' lang='lat' dir='ltr'>ignatius,</span> <span class='ocrx_word' id='word_1_9' title='bbox 381 1667 452 1752; x_wconf 73' lang='lat' dir='ltr'>’qui</span> <span class='ocrx_word' id='word_1_10' title='bbox 471 1677 501 1734; x_wconf 89' lang='lat' dir='ltr'>et</span> <span class='ocrx_word' id='word_1_11' title='bbox 512 1671 721 1755; x_wconf 85' lang='lat' dir='ltr'>Theophorus,</span> <span class='ocrx_word' id='word_1_12' title='bbox 736 1672 911 1755; x_wconf 81' lang='lat' dir='ltr'>Polycarpo‚</span> <span class='ocrx_word' id='word_1_13' title='bbox 933 1670 1076 1754; x_wconf 85' lang='lat' dir='ltr'>episcopo</span> <span class='ocrx_word' id='word_1_14' title='bbox 1093 1668 1263 1737; x_wconf 82' lang='lat' dir='ltr'>³eoelesiae</span> 
     </span>
     <span class='ocr_line' id='line_1_4' title="bbox 267 1774 1262 1861; baseline 0.001 -20"><span class='ocrx_word' id='word_1_15' title='bbox 267 1778 514 1859; x_wconf 81' lang='lat' dir='ltr'>Smyrnaeorum,</span> <span class='ocrx_word' id='word_1_16' title='bbox 544 1780 595 1861; x_wconf 83' lang='lat' dir='ltr'>qui</span> <span class='ocrx_word' id='word_1_17' title='bbox 618 1779 684 1861; x_wconf 90' lang='lat' dir='ltr'>ipse</span> <span class='ocrx_word' id='word_1_18' title='bbox 706 1779 805 1859; x_wconf 90' lang='lat' dir='ltr'>potius</span> <span class='ocrx_word' id='word_1_19' title='bbox 828 1774 1029 1859; x_wconf 70' lang='lat' dir='ltr'>⁴episcopum</span> <span class='ocrx_word' id='word_1_20' title='bbox 1057 1778 1262 1842; x_wconf 86' lang='lat' dir='ltr'>habet-ileum</span> 
     </span>
     <span class='ocr_line' id='line_1_5' title="bbox 267 1882 1261 1965; baseline 0.003 -23"><span class='ocrx_word' id='word_1_21' title='bbox 267 1888 379 1964; x_wconf 88' lang='lat' dir='ltr'>patrem</span> <span class='ocrx_word' id='word_1_22' title='bbox 403 1889 433 1944; x_wconf 88' lang='lat' dir='ltr'>et</span> <span class='ocrx_word' id='word_1_23' title='bbox 456 1883 612 1946; x_wconf 86' lang='lat' dir='ltr'>Dominum</span> <span class='ocrx_word' id='word_1_24' title='bbox 634 1883 737 1946; x_wconf 81' lang='lat' dir='ltr'>lesum</span> <span class='ocrx_word' id='word_1_25' title='bbox 762 1882 928 1962; x_wconf 73' lang='lat' dir='ltr'><strong>Christum,</strong></span> <span class='ocrx_word' id='word_1_26' title='bbox 953 1883 1106 1965; x_wconf 92' lang='lat' dir='ltr'>plurimam</span> <span class='ocrx_word' id='word_1_27' title='bbox 1129 1882 1261 1945; x_wconf 89' lang='lat' dir='ltr'>salutem.</span> 
     </span>
    </p>
   </div>
   <div class='ocr_carea' id='block_1_4' title="bbox 490 2073 912 2138">
    <p class='ocr_par' dir='ltr' id='par_1_4' title="bbox 490 2073 912 2138">
     <span class='ocr_line' id='line_1_6' title="bbox 490 2073 912 2138; baseline 0 -1"><span class='ocrx_word' id='word_1_28' title='bbox 490 2073 511 2137; x_wconf 91' lang='lat'>1.</span> <span class='ocrx_word' id='word_1_29' title='bbox 554 2074 643 2138; x_wconf 81' lang='lat' dir='ltr'>Luna</span> <span class='ocrx_word' id='word_1_30' title='bbox 666 2083 696 2137; x_wconf 87' lang='lat' dir='ltr'>et</span> <span class='ocrx_word' id='word_1_31' title='bbox 718 2074 912 2137; x_wconf 76' lang='lat' dir='ltr'><strong><em>adhortatio.</em></strong></span> 
     </span>
    </p>
   </div>
   <div class='ocr_carea' id='block_1_5' title="bbox 131 2191 1264 3225">
    <p class='ocr_par' dir='ltr' id='par_1_5' title="bbox 131 2191 1264 3225">
     <span class='ocr_line' id='line_1_7' title="bbox 221 2191 1263 2278; baseline 0.004 -22"><span class='ocrx_word' id='word_1_32' title='bbox 221 2191 327 2256; x_wconf 83' lang='lat' dir='ltr'>⁵Piam</span> <span class='ocrx_word' id='word_1_33' title='bbox 353 2200 482 2258; x_wconf 89' lang='lat' dir='ltr'><strong>mentem</strong></span> <span class='ocrx_word' id='word_1_34' title='bbox 506 2204 603 2276; x_wconf 89' lang='lat' dir='ltr'>luam,</span> <span class='ocrx_word' id='word_1_35' title='bbox 635 2197 716 2259; x_wconf 84' lang='lat' dir='ltr'>velut</span> <span class='ocrx_word' id='word_1_36' title='bbox 739 2215 830 2278; x_wconf 88' lang='lat' dir='ltr'>supra</span> <span class='ocrx_word' id='word_1_37' title='bbox 854 2203 966 2278; x_wconf 90' lang='lat' dir='ltr'>petram</span> <span class='ocrx_word' id='word_1_38' title='bbox 991 2195 1167 2260; x_wconf 82' lang='lat' dir='ltr'><strong>immobilem</strong></span> <span class='ocrx_word' id='word_1_39' title='bbox 1192 2195 1263 2260; x_wconf 88' lang='lat' dir='ltr'>iun-</span> 
     </span>
     <span class='ocr_line' id='line_1_8' title="bbox 132 2297 1262 2385; baseline 0.004 -25"><span class='ocrx_word' id='word_1_40' title='bbox 132 2299 241 2376; x_wconf 87' lang='lat' dir='ltr'>datam,</span> <span class='ocrx_word' id='word_1_41' title='bbox 266 2301 474 2380; x_wconf 87' lang='lat' dir='ltr'>comprobans,</span> <span class='ocrx_word' id='word_1_42' title='bbox 497 2303 618 2363; x_wconf 84' lang='lat' dir='ltr'><strong>summis</strong></span> <span class='ocrx_word' id='word_1_43' title='bbox 642 2303 740 2366; x_wconf 81' lang='lat' dir='ltr'><strong>ereio</strong></span> <span class='ocrx_word' id='word_1_44' title='bbox 763 2302 917 2380; x_wconf 76' lang='lat' dir='ltr'>laudibus,</span> <span class='ocrx_word' id='word_1_45' title='bbox 940 2297 1049 2383; x_wconf 79' lang='lat' dir='ltr'>⁶quotl</span> <span class='ocrx_word' id='word_1_46' title='bbox 1073 2301 1182 2385; x_wconf 80' lang='lat' dir='ltr'>dignus</span> <span class='ocrx_word' id='word_1_47' title='bbox 1205 2303 1262 2364; x_wconf 90' lang='lat' dir='ltr'>sim</span> 
     </span>
     <span class='ocr_line' id='line_1_9' title="bbox 133 2399 1263 2490; baseline 0.004 -25"><span class='ocrx_word' id='word_1_48' title='bbox 133 2404 252 2466; x_wconf 85' lang='lat' dir='ltr'>habitus</span> <span class='ocrx_word' id='word_1_49' title='bbox 277 2412 378 2467; x_wconf 86' lang='lat' dir='ltr'>sancta</span> <span class='ocrx_word' id='word_1_50' title='bbox 402 2412 451 2467; x_wconf 90' lang='lat' dir='ltr'>lua</span> <span class='ocrx_word' id='word_1_51' title='bbox 476 2399 597 2485; x_wconf 85' lang='lat' dir='ltr'>⁷iaeie,</span> <span class='ocrx_word' id='word_1_52' title='bbox 629 2402 717 2490; x_wconf 83' lang='lat' dir='ltr'>⁸qua</span> <span class='ocrx_word' id='word_1_53' title='bbox 740 2410 850 2469; x_wconf 84' lang='lat' dir='ltr'>utinam</span> <span class='ocrx_word' id='word_1_54' title='bbox 873 2426 993 2490; x_wconf 77' lang='lat' dir='ltr'><strong>semper</strong></span> <span class='ocrx_word' id='word_1_55' title='bbox 1016 2408 1072 2469; x_wconf 87' lang='lat' dir='ltr'>lrui</span> <span class='ocrx_word' id='word_1_56' title='bbox 1095 2409 1206 2488; x_wconf 85' lang='lat' dir='ltr'><strong>possim</strong></span> <span class='ocrx_word' id='word_1_57' title='bbox 1232 2409 1263 2470; x_wconf 94' lang='lat' dir='ltr'>in</span> 
     </span>
     <span class='ocr_line' id='line_1_10' title="bbox 132 2505 1262 2593; baseline 0.003 -23"><span class='ocrx_word' id='word_1_58' title='bbox 132 2508 208 2570; x_wconf 86' lang='lat' dir='ltr'><strong>Deo.</strong></span> <span class='ocrx_word' id='word_1_59' title='bbox 246 2508 382 2573; x_wconf 84' lang='lat' dir='ltr'><strong>Obsecro</strong></span> <span class='ocrx_word' id='word_1_60' title='bbox 407 2517 435 2572; x_wconf 87' lang='lat' dir='ltr'>to</span> <span class='ocrx_word' id='word_1_61' title='bbox 458 2529 512 2593; x_wconf 91' lang='lat' dir='ltr'>per</span> <span class='ocrx_word' id='word_1_62' title='bbox 527 2512 662 2593; x_wconf 80' lang='lat' dir='ltr'>gratiam,</span> <span class='ocrx_word' id='word_1_63' title='bbox 686 2506 774 2592; x_wconf 69' lang='lat' dir='ltr'>lqua</span> <span class='ocrx_word' id='word_1_64' title='bbox 803 2505 828 2548; x_wconf 81' lang='lat'>¹⁰</span> <span class='ocrx_word' id='word_1_65' title='bbox 843 2511 961 2574; x_wconf 88' lang='lat' dir='ltr'>indutus</span> <span class='ocrx_word' id='word_1_66' title='bbox 985 2529 1029 2589; x_wconf 89' lang='lat' dir='ltr'>es,</span> <span class='ocrx_word' id='word_1_67' title='bbox 1053 2517 1084 2573; x_wconf 92' lang='lat' dir='ltr'>ut</span> <span class='ocrx_word' id='word_1_68' title='bbox 1111 2508 1133 2548; x_wconf 86' lang='lat'>¹¹</span> <span class='ocrx_word' id='word_1_69' title='bbox 1149 2526 1262 2593; x_wconf 78' lang='lat' dir='ltr'>augeas</span> 
     </span>
     <span class='ocr_line' id='line_1_11' title="bbox 132 2612 1262 2698; baseline 0.002 -24"><span class='ocrx_word' id='word_1_70' title='bbox 132 2631 254 2675; x_wconf 88' lang='lat' dir='ltr'>cursum</span> <span class='ocrx_word' id='word_1_71' title='bbox 277 2621 374 2693; x_wconf 91' lang='lat' dir='ltr'>tuum,</span> <span class='ocrx_word' id='word_1_72' title='bbox 405 2634 570 2698; x_wconf 85' lang='lat' dir='ltr'><strong>omnesque</strong></span> <span class='ocrx_word' id='word_1_73' title='bbox 593 2617 781 2694; x_wconf 86' lang='lat' dir='ltr'>adhorteris,</span> <span class='ocrx_word' id='word_1_74' title='bbox 812 2622 844 2678; x_wconf 91' lang='lat' dir='ltr'>ut</span> <span class='ocrx_word' id='word_1_75' title='bbox 871 2617 1034 2680; x_wconf 84' lang='lat' dir='ltr'>salventur.</span> <span class='ocrx_word' id='word_1_76' title='bbox 1086 2612 1262 2677; x_wconf 68' lang='lat' dir='ltr'>¹²lleienrle</span> 
     </span>
     <span class='ocr_line' id='line_1_12' title="bbox 131 2716 1262 2805; baseline 0.002 -25"><span class='ocrx_word' id='word_1_77' title='bbox 131 2716 231 2780; x_wconf 85' lang='lat' dir='ltr'>locum</span> <span class='ocrx_word' id='word_1_78' title='bbox 254 2724 334 2780; x_wconf 90' lang='lat' dir='ltr'>tuum</span> <span class='ocrx_word' id='word_1_79' title='bbox 356 2721 481 2784; x_wconf 91' lang='lat' dir='ltr'>inomni</span> <span class='ocrx_word' id='word_1_80' title='bbox 497 2739 568 2784; x_wconf 87' lang='lat' dir='ltr'>cura</span> <span class='ocrx_word' id='word_1_81' title='bbox 585 2723 695 2787; x_wconf 85' lang='lat' dir='ltr'>carnali</span> <span class='ocrx_word' id='word_1_82' title='bbox 712 2719 879 2805; x_wconf 83' lang='lat' dir='ltr'>(externa)</span> <span class='ocrx_word' id='word_1_83' title='bbox 897 2729 926 2784; x_wconf 91' lang='lat' dir='ltr'>et</span> <span class='ocrx_word' id='word_1_84' title='bbox 943 2721 1095 2803; x_wconf 70' lang='lat' dir='ltr'>spirituali.</span> <span class='ocrx_word' id='word_1_85' title='bbox 1137 2721 1262 2783; x_wconf 85' lang='lat' dir='ltr'>llnitalis</span> 
     </span>
     <span class='ocr_line' id='line_1_13' title="bbox 132 2823 1264 2919; baseline 0.003 -35"><span class='ocrx_word' id='word_1_86' title='bbox 132 2841 235 2885; x_wconf 88' lang='lat' dir='ltr'>curam</span> <span class='ocrx_word' id='word_1_87' title='bbox 258 2823 351 2919; x_wconf 67' lang='lat' dir='ltr'>nabe,</span> <span class='ocrx_word' id='word_1_88' title='bbox 374 2844 431 2907; x_wconf 88' lang='lat' dir='ltr'>qua</span> <span class='ocrx_word' id='word_1_89' title='bbox 456 2825 527 2888; x_wconf 83' lang='lat' dir='ltr'>nihil</span> <span class='ocrx_word' id='word_1_90' title='bbox 549 2827 662 2889; x_wconf 87' lang='lat' dir='ltr'>melius.</span> <span class='ocrx_word' id='word_1_91' title='bbox 711 2826 823 2890; x_wconf 84' lang='lat' dir='ltr'><strong>Omnes</strong></span> <span class='ocrx_word' id='word_1_92' title='bbox 846 2827 957 2909; x_wconf 86' lang='lat' dir='ltr'>perier,</span> <span class='ocrx_word' id='word_1_93' title='bbox 987 2834 1019 2889; x_wconf 89' lang='lat' dir='ltr'>ut</span> <span class='ocrx_word' id='word_1_94' title='bbox 1044 2832 1073 2888; x_wconf 88' lang='lat' dir='ltr'>et</span> <span class='ocrx_word' id='word_1_95' title='bbox 1097 2831 1126 2887; x_wconf 90' lang='lat' dir='ltr'>te</span> <span class='ocrx_word' id='word_1_96' title='bbox 1149 2824 1264 2907; x_wconf 81' lang='lat' dir='ltr'>perlerl</span> 
     </span>
     <span class='ocr_line' id='line_1_14' title="bbox 131 2927 1263 3009; baseline 0.002 -20"><span class='ocrx_word' id='word_1_97' title='bbox 131 2928 285 2991; x_wconf 87' lang='lat' dir='ltr'>Dominus.</span> <span class='ocrx_word' id='word_1_98' title='bbox 331 2928 443 2994; x_wconf 84' lang='lat' dir='ltr'><strong>Omnes</strong></span> <span class='ocrx_word' id='word_1_99' title='bbox 467 2931 562 2993; x_wconf 82' lang='lat' dir='ltr'>tolera</span> <span class='ocrx_word' id='word_1_100' title='bbox 586 2933 615 2996; x_wconf 93' lang='lat' dir='ltr'>in</span> <span class='ocrx_word' id='word_1_101' title='bbox 639 2931 793 3009; x_wconf 84' lang='lat' dir='ltr'>charitate,</span> <span class='ocrx_word' id='word_1_102' title='bbox 816 2934 892 2996; x_wconf 91' lang='lat' dir='ltr'><strong>sicot</strong></span> <span class='ocrx_word' id='word_1_103' title='bbox 911 2941 941 2996; x_wconf 90' lang='lat' dir='ltr'>et</span> <span class='ocrx_word' id='word_1_104' title='bbox 962 2931 1044 2994; x_wconf 89' lang='lat' dir='ltr'>lucis.</span> <span class='ocrx_word' id='word_1_105' title='bbox 1088 2927 1111 2968; x_wconf 81' lang='lat'>&#39;³</span> <span class='ocrx_word' id='word_1_106' title='bbox 1124 2931 1263 2992; x_wconf 85' lang='lat' dir='ltr'>Precibus</span> 
     </span>
     <span class='ocr_line' id='line_1_15' title="bbox 131 3033 1261 3119; baseline -0.001 -24"><span class='ocrx_word' id='word_1_107' title='bbox 131 3051 206 3095; x_wconf 88' lang='lat' dir='ltr'>vaca</span> <span class='ocrx_word' id='word_1_108' title='bbox 236 3037 397 3116; x_wconf 88' lang='lat' dir='ltr'>perpetuis.</span> <span class='ocrx_word' id='word_1_109' title='bbox 445 3033 605 3098; x_wconf 75' lang='lat' dir='ltr'>¹*Postula</span> <span class='ocrx_word' id='word_1_110' title='bbox 639 3039 813 3119; x_wconf 84' lang='lat' dir='ltr'>sapientiam</span> <span class='ocrx_word' id='word_1_111' title='bbox 846 3038 1005 3119; x_wconf 85' lang='lat' dir='ltr'>majorem,</span> <span class='ocrx_word' id='word_1_112' title='bbox 1039 3054 1125 3116; x_wconf 83' lang='lat' dir='ltr'>quam</span> <span class='ocrx_word' id='word_1_113' title='bbox 1161 3034 1261 3095; x_wconf 85' lang='lat' dir='ltr'>habes.</span> 
     </span>
     <span class='ocr_line' id='line_1_16' title="bbox 132 3137 1261 3225; baseline -0.001 -26"><span class='ocrx_word' id='word_1_114' title='bbox 132 3138 247 3221; x_wconf 79' lang='lat' dir='ltr'>Vigila,</span> <span class='ocrx_word' id='word_1_115' title='bbox 292 3139 456 3204; x_wconf 88' lang='lat' dir='ltr'><strong>insomnem</strong></span> <span class='ocrx_word' id='word_1_116' title='bbox 503 3137 526 3177; x_wconf 84' lang='lat'>¹⁵</span> <span class='ocrx_word' id='word_1_117' title='bbox 541 3142 674 3225; x_wconf 91' lang='lat' dir='ltr'>spiritum</span> <span class='ocrx_word' id='word_1_118' title='bbox 717 3140 886 3225; x_wconf 89' lang='lat' dir='ltr'><strong>possidens.</strong></span> <span class='ocrx_word' id='word_1_119' title='bbox 949 3139 1079 3224; x_wconf 84' lang='lat' dir='ltr'><strong>Singulis</strong></span> <span class='ocrx_word' id='word_1_120' title='bbox 1124 3138 1261 3220; x_wconf 85' lang='lat' dir='ltr'>loquore,</span> 
     </span>
    </p>
   </div>
   <div class='ocr_carea' id='block_1_6' title="bbox 132 3381 1335 5101">
    <p class='ocr_par' dir='ltr' id='par_1_6' title="bbox 132 3381 1335 5101">
     <span class='ocr_line' id='line_1_17' title="bbox 132 3381 1260 3454; baseline -0.006 -16"><span class='ocrx_word' id='word_1_121' title='bbox 132 3387 230 3452; x_wconf 74' lang='lat' dir='ltr'>prato,</span> <span class='ocrx_word' id='word_1_122' title='bbox 261 3392 395 3454; x_wconf 71' lang='lat' dir='ltr'>«carpiana</span> <span class='ocrx_word' id='word_1_123' title='bbox 422 3388 510 3439; x_wconf 78' lang='lat' dir='ltr'>taiao.</span> <span class='ocrx_word' id='word_1_124' title='bbox 551 3389 681 3437; x_wconf 76' lang='lat' dir='ltr'>Petason.</span> <span class='ocrx_word' id='word_1_125' title='bbox 729 3382 774 3448; x_wconf 99' lang='grc'>12)</span> <span class='ocrx_word' id='word_1_126' title='bbox 794 3381 847 3433; x_wconf 81' lang='lat' dir='ltr'>lo.</span> <span class='ocrx_word' id='word_1_127' title='bbox 860 3385 966 3452; x_wconf 69' lang='lat' dir='ltr'>deserato</span> <span class='ocrx_word' id='word_1_128' title='bbox 984 3383 1157 3451; x_wconf 72' lang='lat' dir='ltr'>episcopalem</span> <span class='ocrx_word' id='word_1_129' title='bbox 1169 3381 1260 3449; x_wconf 76' lang='lat' dir='ltr'>diprol-</span> 
     </span>
     <span class='ocr_line' id='line_1_18' title="bbox 137 3467 1260 3537; baseline -0.004 -17"><span class='ocrx_word' id='word_1_130' title='bbox 137 3469 189 3532; x_wconf 67' lang='lat' dir='ltr'>Trjr</span> <span class='ocrx_word' id='word_1_131' title='bbox 214 3467 239 3518; x_wconf 76' lang='lat' dir='ltr'>ir</span> <span class='ocrx_word' id='word_1_132' title='bbox 268 3469 323 3537; x_wconf 74' lang='grc' dir='ltr'>Θεῷ</span> <span class='ocrx_word' id='word_1_133' title='bbox 349 3468 452 3537; x_wconf 66' lang='grc' dir='ltr'>γνώμην.</span> <span class='ocrx_word' id='word_1_134' title='bbox 497 3470 576 3523; x_wconf 84' lang='lat' dir='ltr'>Simili</span> <span class='ocrx_word' id='word_1_135' title='bbox 606 3470 683 3522; x_wconf 88' lang='lat' dir='ltr'>nrodo</span> <span class='ocrx_word' id='word_1_136' title='bbox 709 3481 788 3524; x_wconf 83' lang='lat' dir='ltr'>latrat</span> <span class='ocrx_word' id='word_1_137' title='bbox 805 3480 885 3523; x_wconf 81' lang='lat' dir='ltr'>taratra</span> <span class='ocrx_word' id='word_1_138' title='bbox 917 3469 987 3521; x_wconf 85' lang='lat' dir='ltr'>lianc</span> <span class='ocrx_word' id='word_1_139' title='bbox 1005 3469 1153 3519; x_wconf 84' lang='lat' dir='ltr'>rantrntiam</span> <span class='ocrx_word' id='word_1_140' title='bbox 1174 3467 1260 3532; x_wconf 73' lang='lat' dir='ltr'>Sprur,</span> 
     </span>
     <span class='ocr_line' id='line_1_19' title="bbox 133 3556 1260 3627; baseline -0.002 -18"><span class='ocrx_word' id='word_1_141' title='bbox 133 3557 246 3627; x_wconf 73' lang='lat' dir='ltr'>ignatius</span> <span class='ocrx_word' id='word_1_142' title='bbox 274 3560 298 3609; x_wconf 90' lang='lat' dir='ltr'>in</span> <span class='ocrx_word' id='word_1_143' title='bbox 326 3557 431 3626; x_wconf 81' lang='lat' dir='ltr'>epistola</span> <span class='ocrx_word' id='word_1_144' title='bbox 458 3557 490 3609; x_wconf 90' lang='lat' dir='ltr'>ad</span> <span class='ocrx_word' id='word_1_145' title='bbox 519 3557 591 3609; x_wconf 83' lang='lat' dir='ltr'>llorn.</span> <span class='ocrx_word' id='word_1_146' title='bbox 614 3574 636 3607; x_wconf 87' lang='lat' dir='ltr'>c.</span> <span class='ocrx_word' id='word_1_147' title='bbox 657 3558 681 3608; x_wconf 88' lang='grc'>7.</span> <span class='ocrx_word' id='word_1_148' title='bbox 711 3561 792 3609; x_wconf 89' lang='lat' dir='ltr'>minua</span> <span class='ocrx_word' id='word_1_149' title='bbox 809 3574 864 3608; x_wconf 86' lang='lat' dir='ltr'>earn</span> <span class='ocrx_word' id='word_1_150' title='bbox 885 3556 1040 3624; x_wconf 75' lang='lat' dir='ltr'>intelligens,</span> <span class='ocrx_word' id='word_1_151' title='bbox 1058 3557 1194 3605; x_wconf 77' lang='lat' dir='ltr'>itat&#39;ertit:</span> <span class='ocrx_word' id='word_1_152' title='bbox 1214 3571 1260 3607; x_wconf 80' lang='lat' dir='ltr'>aaa</span> 
     </span>
     <span class='ocr_line' id='line_1_20' title="bbox 134 3642 1262 3714; baseline -0.001 -18"><span class='ocrx_word' id='word_1_153' title='bbox 134 3646 236 3696; x_wconf 80' lang='lat' dir='ltr'>scribit:</span> <span class='ocrx_word' id='word_1_154' title='bbox 258 3643 301 3707; x_wconf 65' lang='grc' dir='ltr'>τήν</span> <span class='ocrx_word' id='word_1_155' title='bbox 318 3643 349 3701; x_wconf 71' lang='lat' dir='ltr'>air</span> <span class='ocrx_word' id='word_1_156' title='bbox 368 3642 432 3694; x_wconf 73' lang='grc' dir='ltr'>Θεόν</span> <span class='ocrx_word' id='word_1_157' title='bbox 448 3664 498 3706; x_wconf 84' lang='grc' dir='ltr'>μου</span> <span class='ocrx_word' id='word_1_158' title='bbox 514 3645 618 3711; x_wconf 65' lang='grc' dir='ltr'>γνώυην.</span> <span class='ocrx_word' id='word_1_159' title='bbox 709 3663 755 3698; x_wconf 83' lang='lat' dir='ltr'>raa</span> <span class='ocrx_word' id='word_1_160' title='bbox 778 3648 914 3714; x_wconf 79' lang='lat' dir='ltr'>requirar,</span> <span class='ocrx_word' id='word_1_161' title='bbox 940 3660 1006 3713; x_wconf 73' lang='lat' dir='ltr'>quaa</span> <span class='ocrx_word' id='word_1_162' title='bbox 1024 3646 1183 3695; x_wconf 74' lang='lat' dir='ltr'>conueniunt</span> <span class='ocrx_word' id='word_1_163' title='bbox 1201 3657 1262 3695; x_wconf 78' lang='lat' dir='ltr'>enat</span> 
     </span>
     <span class='ocr_line' id='line_1_21' title="bbox 170 3730 1184 3800; baseline -0.004 -17"><span class='ocrx_word' id='word_1_164' title='bbox 170 3733 199 3796; x_wconf 88' lang='grc'>6)</span> <span class='ocrx_word' id='word_1_165' title='bbox 218 3731 260 3783; x_wconf 84' lang='lat' dir='ltr'>Se.</span> <span class='ocrx_word' id='word_1_166' title='bbox 280 3730 355 3794; x_wconf 70' lang='lat' dir='ltr'>Oraia,</span> <span class='ocrx_word' id='word_1_167' title='bbox 376 3732 444 3800; x_wconf 89' lang='lat' dir='ltr'>qnod</span> <span class='ocrx_word' id='word_1_168' title='bbox 464 3731 542 3797; x_wconf 69' lang='lat' dir='ltr'>spru·</span> <span class='ocrx_word' id='word_1_169' title='bbox 562 3730 631 3798; x_wconf 73' lang='lat' dir='ltr'>legit.</span> <span class='ocrx_word' id='word_1_170' title='bbox 710 3734 782 3785; x_wconf 88' lang='lat' dir='ltr'>omni</span> <span class='ocrx_word' id='word_1_171' title='bbox 802 3748 870 3784; x_wconf 83' lang='lat' dir='ltr'>aura</span> <span class='ocrx_word' id='word_1_172' title='bbox 888 3732 1014 3799; x_wconf 70' lang='lat' dir='ltr'>eorporis</span> <span class='ocrx_word' id='word_1_173' title='bbox 1032 3737 1056 3781; x_wconf 86' lang='lat' dir='ltr'>at</span> <span class='ocrx_word' id='word_1_174' title='bbox 1073 3732 1184 3780; x_wconf 77' lang='lat' dir='ltr'>animoa.</span> 
     </span>
     <span class='ocr_line' id='line_1_22' title="bbox 170 3813 1260 3886; baseline -0.003 -17"><span class='ocrx_word' id='word_1_175' title='bbox 170 3820 200 3884; x_wconf 85' lang='grc'>7)</span> <span class='ocrx_word' id='word_1_176' title='bbox 229 3820 278 3869; x_wconf 79' lang='grc' dir='ltr'>Τοῦ</span> <span class='ocrx_word' id='word_1_177' title='bbox 302 3816 434 3882; x_wconf 77' lang='lat' dir='ltr'>apooainao</span> <span class='ocrx_word' id='word_1_178' title='bbox 459 3836 509 3867; x_wconf 83' lang='grc' dir='ltr'><strong>σου.</strong></span> <span class='ocrx_word' id='word_1_179' title='bbox 550 3817 684 3885; x_wconf 77' lang='lat' dir='ltr'>Nunquam</span> <span class='ocrx_word' id='word_1_180' title='bbox 730 3818 776 3883; x_wconf 85' lang='grc'>13)</span> <span class='ocrx_word' id='word_1_181' title='bbox 802 3816 913 3886; x_wconf 73' lang='lat' dir='ltr'>ignatius</span> <span class='ocrx_word' id='word_1_182' title='bbox 939 3815 971 3867; x_wconf 84' lang='lat' dir='ltr'>ad</span> <span class='ocrx_word' id='word_1_183' title='bbox 999 3814 1009 3866; x_wconf 93' lang='lat' dir='ltr'>l</span> <span class='ocrx_word' id='word_1_184' title='bbox 1031 3813 1091 3866; x_wconf 85' lang='lat' dir='ltr'>Cor.</span> <span class='ocrx_word' id='word_1_185' title='bbox 1111 3816 1142 3878; x_wconf 89' lang='grc'>7,</span> <span class='ocrx_word' id='word_1_186' title='bbox 1162 3815 1186 3865; x_wconf 86' lang='grc'>5.</span> <span class='ocrx_word' id='word_1_187' title='bbox 1214 3829 1260 3866; x_wconf 89' lang='lat' dir='ltr'>ra·</span> 
     </span>
     <span class='ocr_line' id='line_1_23' title="bbox 134 3900 1262 3976; baseline -0.007 -19"><span class='ocrx_word' id='word_1_188' title='bbox 134 3908 279 3976; x_wconf 72' lang='lat' dir='ltr'>igituranta</span> <span class='ocrx_word' id='word_1_189' title='bbox 288 3906 385 3957; x_wconf 82' lang='lat' dir='ltr'>viderat</span> <span class='ocrx_word' id='word_1_190' title='bbox 395 3903 570 3972; x_wconf 77' lang='lat' dir='ltr'>Polycarpum.</span> <span class='ocrx_word' id='word_1_191' title='bbox 589 3908 683 3955; x_wconf 80' lang='lat' dir='ltr'>Parra.</span> <span class='ocrx_word' id='word_1_192' title='bbox 710 3908 825 3974; x_wconf 78' lang='lat' dir='ltr'>apariaaa</span> <span class='ocrx_word' id='word_1_193' title='bbox 850 3904 961 3955; x_wconf 84' lang='lat' dir='ltr'>videtur:</span> <span class='ocrx_word' id='word_1_194' title='bbox 994 3900 1125 3968; x_wconf 68' lang='grc' dir='ltr'>σχολὴςηη</span> <span class='ocrx_word' id='word_1_195' title='bbox 1231 3903 1262 3963; x_wconf 73' lang='grc' dir='ltr'>τῇ</span> 
     </span>
     <span class='ocr_line' id='line_1_24' title="bbox 170 3985 1260 4063; baseline -0.004 -20"><span class='ocrx_word' id='word_1_196' title='bbox 170 3992 201 4061; x_wconf 88' lang='grc'>8)</span> <span class='ocrx_word' id='word_1_197' title='bbox 220 3991 271 4046; x_wconf 81' lang='lat' dir='ltr'>cn.</span> <span class='ocrx_word' id='word_1_198' title='bbox 290 3995 372 4063; x_wconf 70' lang='lat' dir='ltr'>ipaat.</span> <span class='ocrx_word' id='word_1_199' title='bbox 391 3991 423 4043; x_wconf 83' lang='lat' dir='ltr'>ad</span> <span class='ocrx_word' id='word_1_200' title='bbox 442 3990 535 4059; x_wconf 77' lang='lat' dir='ltr'>Epirus.</span> <span class='ocrx_word' id='word_1_201' title='bbox 554 4005 577 4041; x_wconf 87' lang='lat' dir='ltr'>o.</span> <span class='ocrx_word' id='word_1_202' title='bbox 597 3990 630 4055; x_wconf 88' lang='grc'>2,</span> <span class='ocrx_word' id='word_1_203' title='bbox 652 3991 683 4041; x_wconf 87' lang='lat' dir='ltr'>arl</span> <span class='ocrx_word' id='word_1_204' title='bbox 711 3996 838 4056; x_wconf 73' lang='grc' dir='ltr'><strong>προσευχῇ.</strong></span> <span class='ocrx_word' id='word_1_205' title='bbox 866 3991 944 4058; x_wconf 74' lang='lat' dir='ltr'>Syrus</span> <span class='ocrx_word' id='word_1_206' title='bbox 956 3985 1115 4044; x_wconf 72' lang='lat' dir='ltr'>ailmlrlrrroe</span> <span class='ocrx_word' id='word_1_207' title='bbox 1127 4004 1176 4040; x_wconf 91' lang='lat' dir='ltr'>non</span> <span class='ocrx_word' id='word_1_208' title='bbox 1189 3987 1260 4057; x_wconf 76' lang='lat' dir='ltr'>legit.</span> 
     </span>
     <span class='ocr_line' id='line_1_25' title="bbox 135 4075 1262 4147; baseline -0.004 -16"><span class='ocrx_word' id='word_1_209' title='bbox 135 4079 218 4147; x_wconf 71' lang='lat' dir='ltr'>Magn,</span> <span class='ocrx_word' id='word_1_210' title='bbox 237 4095 260 4129; x_wconf 86' lang='lat' dir='ltr'>c.</span> <span class='ocrx_word' id='word_1_211' title='bbox 279 4079 296 4130; x_wconf 89' lang='grc'><strong>2</strong></span> <span class='ocrx_word' id='word_1_212' title='bbox 314 4087 341 4130; x_wconf 87' lang='lat' dir='ltr'>at</span> <span class='ocrx_word' id='word_1_213' title='bbox 361 4078 401 4129; x_wconf 91' lang='grc'>12.</span> <span class='ocrx_word' id='word_1_214' title='bbox 429 4077 460 4128; x_wconf 86' lang='lat' dir='ltr'>ad</span> <span class='ocrx_word' id='word_1_215' title='bbox 479 4077 551 4129; x_wconf 83' lang='lat' dir='ltr'><strong>Rom.</strong></span> <span class='ocrx_word' id='word_1_216' title='bbox 571 4094 594 4129; x_wconf 87' lang='lat' dir='ltr'>o.</span> <span class='ocrx_word' id='word_1_217' title='bbox 614 4079 638 4129; x_wconf 83' lang='lat'>5.</span> <span class='ocrx_word' id='word_1_218' title='bbox 731 4080 776 4143; x_wconf 82' lang='lat' dir='ltr'>rt)</span> <span class='ocrx_word' id='word_1_219' title='bbox 795 4079 834 4130; x_wconf 84' lang='lat' dir='ltr'>llil</span> <span class='ocrx_word' id='word_1_220' title='bbox 854 4078 931 4129; x_wconf 86' lang='lat' dir='ltr'>habat</span> <span class='ocrx_word' id='word_1_221' title='bbox 952 4076 992 4127; x_wconf 84' lang='lat' dir='ltr'>lric</span> <span class='ocrx_word' id='word_1_222' title='bbox 1017 4075 1089 4128; x_wconf 83' lang='lat' dir='ltr'>locor</span> <span class='ocrx_word' id='word_1_223' title='bbox 1113 4077 1262 4127; x_wconf 69' lang='lat' dir='ltr'>rusticitatis</span> 
     </span>
     <span class='ocr_line' id='line_1_26' title="bbox 171 4164 1261 4234; baseline -0.002 -18"><span class='ocrx_word' id='word_1_224' title='bbox 171 4166 199 4230; x_wconf 80' lang='grc'>9)</span> <span class='ocrx_word' id='word_1_225' title='bbox 227 4169 359 4220; x_wconf 80' lang='lat' dir='ltr'>Smittiara</span> <span class='ocrx_word' id='word_1_226' title='bbox 390 4173 477 4216; x_wconf 84' lang='lat' dir='ltr'>eontra</span> <span class='ocrx_word' id='word_1_227' title='bbox 508 4164 685 4214; x_wconf 83' lang='lat' dir='ltr'>auctoritatam</span> <span class='ocrx_word' id='word_1_228' title='bbox 712 4183 757 4219; x_wconf 83' lang='lat' dir='ltr'>rau</span> <span class='ocrx_word' id='word_1_229' title='bbox 786 4168 960 4234; x_wconf 69' lang='lat' dir='ltr'>arrogantiae,</span> <span class='ocrx_word' id='word_1_230' title='bbox 988 4171 1015 4215; x_wconf 92' lang='lat' dir='ltr'>ut</span> <span class='ocrx_word' id='word_1_231' title='bbox 1042 4165 1171 4217; x_wconf 81' lang='lat' dir='ltr'>Oallaaua</span> <span class='ocrx_word' id='word_1_232' title='bbox 1196 4179 1261 4214; x_wconf 86' lang='lat' dir='ltr'><strong>eoo-</strong></span> 
     </span>
     <span class='ocr_line' id='line_1_27' title="bbox 135 4248 1262 4320; baseline -0.005 -16"><span class='ocrx_word' id='word_1_233' title='bbox 135 4252 193 4304; x_wconf 80' lang='lat' dir='ltr'>}lati</span> <span class='ocrx_word' id='word_1_234' title='bbox 210 4252 283 4303; x_wconf 86' lang='lat' dir='ltr'>addit</span> <span class='ocrx_word' id='word_1_235' title='bbox 295 4250 365 4304; x_wconf 69' lang='grc' dir='ltr'>Θοοῦ,</span> <span class='ocrx_word' id='word_1_236' title='bbox 383 4251 452 4320; x_wconf 83' lang='lat' dir='ltr'>qood</span> <span class='ocrx_word' id='word_1_237' title='bbox 470 4265 503 4301; x_wconf 83' lang='lat' dir='ltr'>na</span> <span class='ocrx_word' id='word_1_238' title='bbox 519 4248 587 4317; x_wconf 83' lang='lat' dir='ltr'>apud</span> <span class='ocrx_word' id='word_1_239' title='bbox 600 4249 683 4306; x_wconf 89' lang='lat' dir='ltr'>intar·</span> <span class='ocrx_word' id='word_1_240' title='bbox 712 4252 841 4305; x_wconf 80' lang='lat' dir='ltr'>tendebat.</span> <span class='ocrx_word' id='word_1_241' title='bbox 890 4249 1013 4301; x_wconf 80' lang='lat' dir='ltr'>Fraterno</span> <span class='ocrx_word' id='word_1_242' title='bbox 1043 4256 1138 4299; x_wconf 87' lang='lat' dir='ltr'>tantum</span> <span class='ocrx_word' id='word_1_243' title='bbox 1174 4263 1262 4299; x_wconf 88' lang='lat' dir='ltr'>amora</span> 
     </span>
     <span class='ocr_line' id='line_1_28' title="bbox 135 4334 1262 4409; baseline -0.004 -19"><span class='ocrx_word' id='word_1_244' title='bbox 135 4339 279 4409; x_wconf 86' lang='lat' dir='ltr'>polatoram</span> <span class='ocrx_word' id='word_1_245' title='bbox 297 4339 398 4406; x_wconf 81' lang='lat' dir='ltr'>quidam</span> <span class='ocrx_word' id='word_1_246' title='bbox 418 4337 531 4404; x_wconf 76' lang='lat' dir='ltr'>lapimua.</span> <span class='ocrx_word' id='word_1_247' title='bbox 713 4341 803 4391; x_wconf 83' lang='lat' dir='ltr'>duetus</span> <span class='ocrx_word' id='word_1_248' title='bbox 833 4337 922 4389; x_wconf 84' lang='lat' dir='ltr'>beatur</span> <span class='ocrx_word' id='word_1_249' title='bbox 952 4336 1063 4404; x_wconf 71' lang='lat' dir='ltr'>lpoatiua</span> <span class='ocrx_word' id='word_1_250' title='bbox 1093 4334 1262 4402; x_wconf 74' lang='lat' dir='ltr'>Polycarpum</span> 
     </span>
     <span class='ocr_line' id='line_1_29' title="bbox 155 4421 1335 4494; baseline -0.004 -18"><span class='ocrx_word' id='word_1_251' title='bbox 155 4427 201 4493; x_wconf 89' lang='grc'>10)</span> <span class='ocrx_word' id='word_1_252' title='bbox 218 4421 364 4474; x_wconf 62' lang='lat' dir='ltr'>matrum</span> <span class='ocrx_word' id='word_1_253' title='bbox 396 4423 508 4475; x_wconf 84' lang='lat' dir='ltr'>imitatur</span> <span class='ocrx_word' id='word_1_254' title='bbox 525 4422 551 4475; x_wconf 83' lang='lat' dir='ltr'>S.</span> <span class='ocrx_word' id='word_1_255' title='bbox 570 4422 685 4490; x_wconf 80' lang='lat' dir='ltr'>Paulum,</span> <span class='ocrx_word' id='word_1_256' title='bbox 712 4443 784 4478; x_wconf 86' lang='lat' dir='ltr'>auum</span> <span class='ocrx_word' id='word_1_257' title='bbox 802 4423 834 4475; x_wconf 83' lang='lat' dir='ltr'>ad</span> <span class='ocrx_word' id='word_1_258' title='bbox 852 4421 986 4475; x_wconf 81' lang='lat' dir='ltr'>acolariam</span> <span class='ocrx_word' id='word_1_259' title='bbox 999 4422 1112 4473; x_wconf 84' lang='lat' dir='ltr'>rtudioaa</span> <span class='ocrx_word' id='word_1_260' title='bbox 1125 4421 1262 4472; x_wconf 75' lang='lat' dir='ltr'>forandam</span> <span class='ocrx_word' id='word_1_261' title='bbox 1332 4487 1335 4494; x_wconf 31' lang='grc' dir='ltr'>Ι</span> 
     </span>
     <span class='ocr_line' id='line_1_30' title="bbox 136 4506 1261 4583; baseline -0.006 -19"><span class='ocrx_word' id='word_1_262' title='bbox 136 4515 258 4583; x_wconf 78' lang='lat' dir='ltr'>quirnea</span> <span class='ocrx_word' id='word_1_263' title='bbox 275 4508 352 4560; x_wconf 68' lang='lat' dir='ltr'>irrisio</span> <span class='ocrx_word' id='word_1_264' title='bbox 370 4518 397 4561; x_wconf 87' lang='lat' dir='ltr'>at</span> <span class='ocrx_word' id='word_1_265' title='bbox 414 4507 529 4572; x_wconf 62' lang='lat' dir='ltr'>inclinum</span> <span class='ocrx_word' id='word_1_266' title='bbox 548 4511 597 4563; x_wconf 84' lang='lat' dir='ltr'>lroe</span> <span class='ocrx_word' id='word_1_267' title='bbox 608 4528 686 4564; x_wconf 83' lang='lat' dir='ltr'>aenau</span> <span class='ocrx_word' id='word_1_268' title='bbox 713 4530 743 4564; x_wconf 87' lang='lat' dir='ltr'>ao</span> <span class='ocrx_word' id='word_1_269' title='bbox 760 4526 853 4581; x_wconf 80' lang='lat' dir='ltr'>praeeo</span> <span class='ocrx_word' id='word_1_270' title='bbox 873 4511 973 4561; x_wconf 87' lang='lat' dir='ltr'>aaairlua</span> <span class='ocrx_word' id='word_1_271' title='bbox 992 4508 1134 4560; x_wconf 79' lang='lat' dir='ltr'>fundendas</span> <span class='ocrx_word' id='word_1_272' title='bbox 1150 4506 1261 4558; x_wconf 83' lang='lat' dir='ltr'>hortatur</span> 
     </span>
     <span class='ocr_line' id='line_1_31' title="bbox 136 4596 984 4666; baseline -0.004 -15"><span class='ocrx_word' id='word_1_273' title='bbox 136 4615 216 4665; x_wconf 81' lang='lat' dir='ltr'>aaapa</span> <span class='ocrx_word' id='word_1_274' title='bbox 243 4601 336 4664; x_wconf 86' lang='lat' dir='ltr'>utitur,</span> <span class='ocrx_word' id='word_1_275' title='bbox 365 4613 389 4649; x_wconf 84' lang='lat' dir='ltr'>a.</span> <span class='ocrx_word' id='word_1_276' title='bbox 412 4613 438 4666; x_wconf 67' lang='grc' dir='ltr'>ς.</span> <span class='ocrx_word' id='word_1_277' title='bbox 465 4596 559 4666; x_wconf 84' lang='lat' dir='ltr'>Eplraa.</span> <span class='ocrx_word' id='word_1_278' title='bbox 583 4599 615 4666; x_wconf 85' lang='grc'>6,</span> <span class='ocrx_word' id='word_1_279' title='bbox 644 4599 684 4650; x_wconf 81' lang='grc'>14.</span> <span class='ocrx_word' id='word_1_280' title='bbox 713 4608 760 4652; x_wconf 84' lang='lat' dir='ltr'>art.</span> <span class='ocrx_word' id='word_1_281' title='bbox 788 4603 984 4650; x_wconf 80' lang='lat' dir='ltr'>Dtsrsanrrca.</span> 
     </span>
     <span class='ocr_line' id='line_1_32' title="bbox 137 4678 1261 4754; baseline -0.003 -17"><span class='ocrx_word' id='word_1_282' title='bbox 137 4683 193 4737; x_wconf 83' lang='lat' dir='ltr'>Col.</span> <span class='ocrx_word' id='word_1_283' title='bbox 214 4685 300 4749; x_wconf 80' lang='grc'><strong>3,12.</strong></span> <span class='ocrx_word' id='word_1_284' title='bbox 330 4689 424 4738; x_wconf 84' lang='lat' dir='ltr'>Parra.</span> <span class='ocrx_word' id='word_1_285' title='bbox 731 4686 776 4753; x_wconf 82' lang='grc'>15)</span> <span class='ocrx_word' id='word_1_286' title='bbox 796 4686 868 4754; x_wconf 77' lang='lat' dir='ltr'>Apud</span> <span class='ocrx_word' id='word_1_287' title='bbox 890 4688 1099 4747; x_wconf 79' lang='lat' dir='ltr'>Oamaaoartrrrtr,</span> <span class='ocrx_word' id='word_1_288' title='bbox 1127 4681 1170 4748; x_wconf 78' lang='lat' dir='ltr'>qui</span> <span class='ocrx_word' id='word_1_289' title='bbox 1195 4678 1261 4731; x_wconf 76' lang='lat' dir='ltr'>hune</span> 
     </span>
     <span class='ocr_line' id='line_1_33' title="bbox 155 4761 1260 4839; baseline -0.01 -16"><span class='ocrx_word' id='word_1_290' title='bbox 155 4772 201 4836; x_wconf 80' lang='lat'>¹1)</span> <span class='ocrx_word' id='word_1_291' title='bbox 224 4773 372 4834; x_wconf 68' lang='lat' dir='ltr'>Hpootrirm</span> <span class='ocrx_word' id='word_1_292' title='bbox 397 4773 434 4835; x_wconf 73' lang='grc' dir='ltr'>τῷ</span> <span class='ocrx_word' id='word_1_293' title='bbox 457 4768 547 4838; x_wconf 74' lang='grc' dir='ltr'>δρόμῳ.</span> <span class='ocrx_word' id='word_1_294' title='bbox 590 4772 685 4826; x_wconf 66' lang='lat' dir='ltr'>Simili.</span> <span class='ocrx_word' id='word_1_295' title='bbox 712 4774 795 4825; x_wconf 75' lang='lat' dir='ltr'>locum</span> <span class='ocrx_word' id='word_1_296' title='bbox 821 4775 896 4835; x_wconf 69' lang='lat' dir='ltr'>oilli,</span> <span class='ocrx_word' id='word_1_297' title='bbox 924 4769 1016 4839; x_wconf 67' lang='lat' dir='ltr'>legitur</span> <span class='ocrx_word' id='word_1_298' title='bbox 1033 4764 1165 4829; x_wconf 63' lang='lat' dir='ltr'>rianiupror</span> <span class='ocrx_word' id='word_1_299' title='bbox 1183 4761 1260 4826; x_wconf 76' lang='grc' dir='ltr'>ὄμμα,</span> 
     </span>
     <span class='ocr_line' id='line_1_34' title="bbox 136 4848 1262 4929; baseline -0.01 -19"><span class='ocrx_word' id='word_1_300' title='bbox 136 4860 162 4910; x_wconf 88' lang='lat' dir='ltr'>ia</span> <span class='ocrx_word' id='word_1_301' title='bbox 182 4857 208 4911; x_wconf 86' lang='lat' dir='ltr'>S.</span> <span class='ocrx_word' id='word_1_302' title='bbox 227 4857 356 4926; x_wconf 78' lang='lat' dir='ltr'>Scriptura</span> <span class='ocrx_word' id='word_1_303' title='bbox 374 4858 495 4926; x_wconf 71' lang='lat' dir='ltr'>legimur:</span> <span class='ocrx_word' id='word_1_304' title='bbox 520 4858 624 4924; x_wconf 74' lang='grc' dir='ltr'>πληροῦν</span> <span class='ocrx_word' id='word_1_305' title='bbox 641 4855 686 4909; x_wconf 79' lang='grc' dir='ltr'>τὸν</span> <span class='ocrx_word' id='word_1_306' title='bbox 712 4860 780 4929; x_wconf 86' lang='lat' dir='ltr'>qnod</span> <span class='ocrx_word' id='word_1_307' title='bbox 799 4859 867 4909; x_wconf 80' lang='lat' dir='ltr'>ialam</span> <span class='ocrx_word' id='word_1_308' title='bbox 886 4866 940 4920; x_wconf 79' lang='lat' dir='ltr'>art3</span> <span class='ocrx_word' id='word_1_309' title='bbox 967 4855 1083 4922; x_wconf 71' lang='lat' dir='ltr'>intelligit</span> <span class='ocrx_word' id='word_1_310' title='bbox 1107 4855 1174 4905; x_wconf 84' lang='lat' dir='ltr'>anim</span> <span class='ocrx_word' id='word_1_311' title='bbox 1192 4848 1262 4914; x_wconf 68' lang='grc' dir='ltr'>ὄμμα</span> 
     </span>
     <span class='ocr_line' id='line_1_35' title="bbox 135 4941 1261 5011; baseline -0.001 -17"><span class='ocrx_word' id='word_1_312' title='bbox 135 4943 236 5005; x_wconf 75' lang='grc' dir='ltr'>δρόμον.</span> <span class='ocrx_word' id='word_1_313' title='bbox 270 4944 326 4996; x_wconf 76' lang='lat' dir='ltr'>Act.</span> <span class='ocrx_word' id='word_1_314' title='bbox 355 4942 402 5007; x_wconf 80' lang='lat'>1³,</span> <span class='ocrx_word' id='word_1_315' title='bbox 430 4944 473 4997; x_wconf 77' lang='grc'>25.</span> <span class='ocrx_word' id='word_1_316' title='bbox 508 4946 612 4995; x_wconf 68' lang='grc' dir='ltr'>τελειοῦν</span> <span class='ocrx_word' id='word_1_317' title='bbox 642 4944 686 4996; x_wconf 75' lang='grc' dir='ltr'>τόν</span> <span class='ocrx_word' id='word_1_318' title='bbox 712 4949 752 5008; x_wconf 72' lang='grc' dir='ltr'>τῆς</span> <span class='ocrx_word' id='word_1_319' title='bbox 766 4947 852 5010; x_wconf 71' lang='grc' dir='ltr'><strong>ψυχῆς.</strong></span> <span class='ocrx_word' id='word_1_320' title='bbox 872 4950 964 4996; x_wconf 82' lang='lat' dir='ltr'>Putas.</span> <span class='ocrx_word' id='word_1_321' title='bbox 995 4941 1074 5007; x_wconf 76' lang='lat' dir='ltr'>Syrus</span> <span class='ocrx_word' id='word_1_322' title='bbox 1092 4955 1148 4992; x_wconf 74' lang='lat' dir='ltr'>eum</span> <span class='ocrx_word' id='word_1_323' title='bbox 1167 4951 1261 5011; x_wconf 62' lang='grc' dir='ltr'>[ηοω</span> 
     </span>
     <span class='ocr_line' id='line_1_36' title="bbox 135 5029 1092 5101; baseline -0.013 -14"><span class='ocrx_word' id='word_1_324' title='bbox 135 5029 236 5101; x_wconf 70' lang='grc' dir='ltr'>δρόμον.</span> <span class='ocrx_word' id='word_1_325' title='bbox 265 5029 321 5086; x_wconf 70' lang='grc' dir='ltr'>Λα.</span> <span class='ocrx_word' id='word_1_326' title='bbox 340 5029 385 5097; x_wconf 82' lang='grc'>20,</span> <span class='ocrx_word' id='word_1_327' title='bbox 401 5031 445 5084; x_wconf 80' lang='grc'>21.</span> <span class='ocrx_word' id='word_1_328' title='bbox 469 5030 615 5100; x_wconf 70' lang='lat' dir='ltr'>tritaet,</span> <span class='ocrx_word' id='word_1_329' title='bbox 634 5033 658 5083; x_wconf 85' lang='grc'>7.</span> <span class='ocrx_word' id='word_1_330' title='bbox 712 5039 783 5085; x_wconf 82' lang='lat' dir='ltr'>texto</span> <span class='ocrx_word' id='word_1_331' title='bbox 801 5039 889 5082; x_wconf 85' lang='lat' dir='ltr'>uoatro</span> <span class='ocrx_word' id='word_1_332' title='bbox 908 5029 970 5097; x_wconf 75' lang='lat' dir='ltr'>legit</span> <span class='ocrx_word' id='word_1_333' title='bbox 988 5029 1092 5094; x_wconf 75' lang='grc' dir='ltr'>πνεῦμα.</span> 
     </span>
    </p>
   </div>
   <div class='ocr_carea' id='block_1_7' title="bbox 0 0 1544 6450">
    <p class='ocr_par' dir='ltr' id='par_1_7' title="bbox 0 0 1544 6450">
     <span class='ocr_line' id='line_1_37' title="bbox 0 0 1544 6450; baseline 0 0"><span class='ocrx_word' id='word_1_334' title='bbox 0 0 1544 6450; x_wconf 95' lang='lat' dir='ltr'> </span> 
     </span>
    </p>
   </div>
  </div>
 </body>
</html>
