<?xml version="1.0" encoding="UTF-8"?>
<!DOCTYPE html PUBLIC "-//W3C//DTD XHTML 1.0 Transitional//EN"
    "http://www.w3.org/TR/xhtml1/DTD/xhtml1-transitional.dtd">
<html xmlns="http://www.w3.org/1999/xhtml" xml:lang="en" lang="en">
 <head>
  <title>
</title>
<meta http-equiv="Content-Type" content="text/html;charset=utf-8" />
  <meta name='ocr-system' content='tesseract 3.04.00' />
  <meta name='ocr-capabilities' content='ocr_page ocr_carea ocr_par ocr_line ocrx_word'/>
</head>
<body>
  <div class='ocr_page' id='page_1' title='image "./patrumapostolic01hefegoog_0552.png"; bbox 0 0 3067 6450; ppageno 0'>
   <div class='ocr_carea' id='block_1_1' title="bbox 346 1205 1263 1275">
    <p class='ocr_par' dir='ltr' id='par_1_1' title="bbox 346 1205 1263 1275">
     <span class='ocr_line' id='line_1_1' title="bbox 346 1205 1263 1275; baseline 0 -12"><span class='ocrx_word' id='word_1_1' title='bbox 346 1208 483 1263; x_wconf 70' lang='lat' dir='ltr'>unanima</span> <span class='ocrx_word' id='word_1_2' title='bbox 502 1207 635 1263; x_wconf 78' lang='lat' dir='ltr'>PASTOR.</span> <span class='ocrx_word' id='word_1_3' title='bbox 672 1206 767 1260; x_wconf 83' lang='lat' dir='ltr'>LIBER</span> <span class='ocrx_word' id='word_1_4' title='bbox 787 1207 829 1260; x_wconf 90' lang='lat' dir='ltr'>lll.</span> <span class='ocrx_word' id='word_1_5' title='bbox 866 1205 990 1260; x_wconf 85' lang='lat' dir='ltr'>stlttttt.</span> <span class='ocrx_word' id='word_1_6' title='bbox 1009 1207 1050 1259; x_wconf 74' lang='lat' dir='ltr'>lx.</span> <span class='ocrx_word' id='word_1_7' title='bbox 1198 1209 1263 1275; x_wconf 79' lang='grc'>417</span> 
     </span>
    </p>
   </div>
   <div class='ocr_carea' id='block_1_2' title="bbox 131 1368 1328 2501">
    <p class='ocr_par' dir='ltr' id='par_1_2' title="bbox 131 1368 1328 2501">
     <span class='ocr_line' id='line_1_2' title="bbox 133 1368 1263 1451; baseline 0.001 -18"><span class='ocrx_word' id='word_1_8' title='bbox 133 1389 220 1448; x_wconf 73' lang='lat' dir='ltr'>„noa</span> <span class='ocrx_word' id='word_1_9' title='bbox 245 1371 340 1449; x_wconf 87' lang='lat' dir='ltr'>vides,</span> <span class='ocrx_word' id='word_1_10' title='bbox 365 1388 419 1432; x_wconf 87' lang='lat' dir='ltr'>eos</span> <span class='ocrx_word' id='word_1_11' title='bbox 436 1369 522 1433; x_wconf 88' lang='lat' dir='ltr'>valde</span> <span class='ocrx_word' id='word_1_12' title='bbox 538 1369 684 1433; x_wconf 92' lang='lat' dir='ltr'>rotundos</span> <span class='ocrx_word' id='word_1_13' title='bbox 700 1370 795 1431; x_wconf 83' lang='lat' dir='ltr'>esse?</span> <span class='ocrx_word' id='word_1_14' title='bbox 841 1368 955 1442; x_wconf 85' lang='lat' dir='ltr'>Quodsi</span> <span class='ocrx_word' id='word_1_15' title='bbox 972 1368 1097 1431; x_wconf 91' lang='lat' dir='ltr'>voluero</span> <span class='ocrx_word' id='word_1_16' title='bbox 1114 1387 1168 1434; x_wconf 85' lang='lat' dir='ltr'>eos</span> <span class='ocrx_word' id='word_1_17' title='bbox 1185 1389 1263 1451; x_wconf 91' lang='lat' dir='ltr'>qua-</span> 
     </span>
     <span class='ocr_line' id='line_1_3' title="bbox 132 1472 1263 1559; baseline -0.004 -19"><span class='ocrx_word' id='word_1_18' title='bbox 132 1478 240 1540; x_wconf 89' lang='lat' dir='ltr'>dratos</span> <span class='ocrx_word' id='word_1_19' title='bbox 263 1478 414 1559; x_wconf 79' lang='lat' dir='ltr'>redigere,</span> <span class='ocrx_word' id='word_1_20' title='bbox 437 1476 593 1558; x_wconf 92' lang='lat' dir='ltr'>plurimum</span> <span class='ocrx_word' id='word_1_21' title='bbox 616 1475 686 1537; x_wconf 90' lang='lat' dir='ltr'>mibi</span> <span class='ocrx_word' id='word_1_22' title='bbox 710 1495 750 1538; x_wconf 88' lang='lat' dir='ltr'>ex</span> <span class='ocrx_word' id='word_1_23' title='bbox 773 1474 817 1535; x_wconf 87' lang='lat' dir='ltr'>his</span> <span class='ocrx_word' id='word_1_24' title='bbox 833 1472 1027 1535; x_wconf 90' lang='lat' dir='ltr'>recidendum</span> <span class='ocrx_word' id='word_1_25' title='bbox 1045 1480 1089 1535; x_wconf 92' lang='lat' dir='ltr'>est</span> <span class='ocrx_word' id='word_1_26' title='bbox 1095 1495 1105 1550; x_wconf 79' lang='lat'><em>3</em></span> <span class='ocrx_word' id='word_1_27' title='bbox 1128 1473 1181 1535; x_wconf 91' lang='lat' dir='ltr'>scd</span> <span class='ocrx_word' id='word_1_28' title='bbox 1205 1493 1263 1536; x_wconf 90' lang='lat' dir='ltr'>ne-</span> 
     </span>
     <span class='ocr_line' id='line_1_4' title="bbox 133 1579 1264 1661; baseline -0.001 -18"><span class='ocrx_word' id='word_1_29' title='bbox 133 1599 226 1645; x_wconf 88' lang='lat' dir='ltr'>eesse</span> <span class='ocrx_word' id='word_1_30' title='bbox 250 1587 297 1643; x_wconf 93' lang='lat' dir='ltr'>est</span> <span class='ocrx_word' id='word_1_31' title='bbox 320 1581 435 1661; x_wconf 90' lang='lat' dir='ltr'>aliquos</span> <span class='ocrx_word' id='word_1_32' title='bbox 459 1600 499 1643; x_wconf 87' lang='lat' dir='ltr'>ex</span> <span class='ocrx_word' id='word_1_33' title='bbox 522 1584 565 1645; x_wconf 86' lang='lat' dir='ltr'>bis</span> <span class='ocrx_word' id='word_1_34' title='bbox 589 1583 618 1644; x_wconf 95' lang='lat' dir='ltr'>in</span> <span class='ocrx_word' id='word_1_35' title='bbox 634 1587 811 1645; x_wconf 78' lang='lat' dir='ltr'>structuram</span> <span class='ocrx_word' id='word_1_36' title='bbox 828 1580 917 1642; x_wconf 91' lang='lat' dir='ltr'>turris</span> <span class='ocrx_word' id='word_1_37' title='bbox 933 1579 1088 1641; x_wconf 84' lang='lat' dir='ltr'>transire.“</span> <span class='ocrx_word' id='word_1_38' title='bbox 1135 1579 1171 1641; x_wconf 88' lang='lat' dir='ltr'>Et</span> <span class='ocrx_word' id='word_1_39' title='bbox 1187 1580 1264 1642; x_wconf 86' lang='lat' dir='ltr'>dixi:</span> 
     </span>
     <span class='ocr_line' id='line_1_5' title="bbox 135 1684 1264 1769; baseline 0.001 -22"><span class='ocrx_word' id='word_1_40' title='bbox 135 1687 184 1764; x_wconf 86' lang='lat' dir='ltr'>„si</span> <span class='ocrx_word' id='word_1_41' title='bbox 208 1702 340 1748; x_wconf 89' lang='lat' dir='ltr'>necesse</span> <span class='ocrx_word' id='word_1_42' title='bbox 361 1693 424 1764; x_wconf 91' lang='lat' dir='ltr'>est,</span> <span class='ocrx_word' id='word_1_43' title='bbox 448 1686 517 1766; x_wconf 90' lang='lat' dir='ltr'>quid</span> <span class='ocrx_word' id='word_1_44' title='bbox 541 1687 630 1769; x_wconf 90' lang='lat' dir='ltr'>igitur</span> <span class='ocrx_word' id='word_1_45' title='bbox 651 1693 682 1748; x_wconf 91' lang='lat' dir='ltr'>te</span> <span class='ocrx_word' id='word_1_46' title='bbox 704 1686 853 1767; x_wconf 89' lang='lat' dir='ltr'>implicas,</span> <span class='ocrx_word' id='word_1_47' title='bbox 876 1691 906 1745; x_wconf 91' lang='lat' dir='ltr'>et</span> <span class='ocrx_word' id='word_1_48' title='bbox 929 1701 989 1746; x_wconf 91' lang='lat' dir='ltr'>non</span> <span class='ocrx_word' id='word_1_49' title='bbox 1010 1684 1115 1766; x_wconf 85' lang='lat' dir='ltr'>eligis,</span> <span class='ocrx_word' id='word_1_50' title='bbox 1138 1685 1163 1745; x_wconf 94' lang='lat' dir='ltr'>si</span> <span class='ocrx_word' id='word_1_51' title='bbox 1188 1700 1264 1765; x_wconf 84' lang='lat' dir='ltr'>quos</span> 
     </span>
     <span class='ocr_line' id='line_1_6' title="bbox 132 1787 1264 1873; baseline -0.003 -20"><span class='ocrx_word' id='word_1_52' title='bbox 132 1790 230 1853; x_wconf 91' lang='lat' dir='ltr'>babes</span> <span class='ocrx_word' id='word_1_53' title='bbox 254 1790 386 1873; x_wconf 81' lang='lat' dir='ltr'>eligere,</span> <span class='ocrx_word' id='word_1_54' title='bbox 410 1795 439 1852; x_wconf 91' lang='lat' dir='ltr'>et</span> <span class='ocrx_word' id='word_1_55' title='bbox 462 1797 547 1870; x_wconf 89' lang='lat' dir='ltr'>aptas</span> <span class='ocrx_word' id='word_1_56' title='bbox 570 1791 599 1852; x_wconf 91' lang='lat' dir='ltr'>in</span> <span class='ocrx_word' id='word_1_57' title='bbox 623 1796 799 1852; x_wconf 90' lang='lat' dir='ltr'>structuram</span> <span class='ocrx_word' id='word_1_58' title='bbox 822 1788 947 1850; x_wconf 82' lang='lat' dir='ltr'>illam‘?“</span> <span class='ocrx_word' id='word_1_59' title='bbox 992 1787 1028 1848; x_wconf 90' lang='lat' dir='ltr'>Et</span> <span class='ocrx_word' id='word_1_60' title='bbox 1051 1788 1160 1871; x_wconf 86' lang='lat' dir='ltr'>elegit,</span> <span class='ocrx_word' id='word_1_61' title='bbox 1186 1806 1264 1868; x_wconf 89' lang='lat' dir='ltr'>quos</span> 
     </span>
     <span class='ocr_line' id='line_1_7' title="bbox 132 1890 1264 1974; baseline -0.004 -16"><span class='ocrx_word' id='word_1_62' title='bbox 132 1895 208 1958; x_wconf 84' lang='lat' dir='ltr'>vidit</span> <span class='ocrx_word' id='word_1_63' title='bbox 224 1895 370 1957; x_wconf 82' lang='lat' dir='ltr'>maximos</span> <span class='ocrx_word' id='word_1_64' title='bbox 388 1899 417 1953; x_wconf 87' lang='lat' dir='ltr'>et</span> <span class='ocrx_word' id='word_1_65' title='bbox 439 1893 706 1974; x_wconf 89' lang='lat' dir='ltr'>splendidissimos,</span> <span class='ocrx_word' id='word_1_66' title='bbox 730 1900 759 1956; x_wconf 90' lang='lat' dir='ltr'>et</span> <span class='ocrx_word' id='word_1_67' title='bbox 786 1890 983 1954; x_wconf 80' lang='lat' dir='ltr'>&#39;deformavit</span> <span class='ocrx_word' id='word_1_68' title='bbox 999 1909 1070 1969; x_wconf 88' lang='lat' dir='ltr'>eos;</span> <span class='ocrx_word' id='word_1_69' title='bbox 1094 1909 1171 1974; x_wconf 93' lang='lat' dir='ltr'>quos</span> <span class='ocrx_word' id='word_1_70' title='bbox 1187 1893 1264 1955; x_wconf 92' lang='lat' dir='ltr'>sub-</span> 
     </span>
     <span class='ocr_line' id='line_1_8' title="bbox 131 1998 1264 2082; baseline 0 -20"><span class='ocrx_word' id='word_1_71' title='bbox 131 2001 212 2062; x_wconf 90' lang='lat' dir='ltr'>latos</span> <span class='ocrx_word' id='word_1_72' title='bbox 234 1999 369 2082; x_wconf 87' lang='lat' dir='ltr'>virgines</span> <span class='ocrx_word' id='word_1_73' title='bbox 392 1998 459 2059; x_wconf 89' lang='lat' dir='ltr'>illae</span> <span class='ocrx_word' id='word_1_74' title='bbox 483 1999 510 2058; x_wconf 92' lang='lat' dir='ltr'>in</span> <span class='ocrx_word' id='word_1_75' title='bbox 535 1999 734 2062; x_wconf 74' lang='lat' dir='ltr'>exterioribus</span> <span class='ocrx_word' id='word_1_76' title='bbox 757 1999 890 2080; x_wconf 90' lang='lat' dir='ltr'>partibus</span> <span class='ocrx_word' id='word_1_77' title='bbox 906 2004 1073 2061; x_wconf 81' lang='lat' dir='ltr'>structurae</span> <span class='ocrx_word' id='word_1_78' title='bbox 1090 2004 1264 2079; x_wconf 83' lang='lat' dir='ltr'>posuerunt</span> 
     </span>
     <span class='ocr_line' id='line_1_9' title="bbox 132 2102 1263 2186; baseline -0.003 -19"><span class='ocrx_word' id='word_1_79' title='bbox 132 2104 254 2186; x_wconf 85' lang='lat' dir='ltr'>Reliqui</span> <span class='ocrx_word' id='word_1_80' title='bbox 277 2121 360 2181; x_wconf 87' lang='lat' dir='ltr'>vcro,</span> <span class='ocrx_word' id='word_1_81' title='bbox 384 2103 434 2183; x_wconf 90' lang='lat' dir='ltr'>qui</span> <span class='ocrx_word' id='word_1_82' title='bbox 450 2103 673 2184; x_wconf 78' lang='lat' dir='ltr'>superfuerunt,</span> <span class='ocrx_word' id='word_1_83' title='bbox 696 2105 820 2185; x_wconf 83' lang='lat' dir='ltr'>repositi</span> <span class='ocrx_word' id='word_1_84' title='bbox 837 2111 906 2166; x_wconf 91' lang='lat' dir='ltr'>sunt</span> <span class='ocrx_word' id='word_1_85' title='bbox 921 2105 949 2164; x_wconf 93' lang='lat' dir='ltr'>iu</span> <span class='ocrx_word' id='word_1_86' title='bbox 967 2102 1101 2165; x_wconf 90' lang='lat' dir='ltr'>eumdem</span> <span class='ocrx_word' id='word_1_87' title='bbox 1119 2120 1263 2183; x_wconf 88' lang='lat' dir='ltr'>campum,</span> 
     </span>
     <span class='ocr_line' id='line_1_10' title="bbox 132 2208 1265 2290; baseline -0.003 -18"><span class='ocrx_word' id='word_1_88' title='bbox 132 2209 216 2272; x_wconf 89' lang='lat' dir='ltr'>unde</span> <span class='ocrx_word' id='word_1_89' title='bbox 240 2210 348 2289; x_wconf 89' lang='lat' dir='ltr'>sumpti</span> <span class='ocrx_word' id='word_1_90' title='bbox 371 2212 474 2283; x_wconf 90' lang='lat' dir='ltr'>eraut;</span> <span class='ocrx_word' id='word_1_91' title='bbox 506 2208 612 2290; x_wconf 90' lang='lat' dir='ltr'>abjecti</span> <span class='ocrx_word' id='word_1_92' title='bbox 636 2227 709 2271; x_wconf 89' lang='lat' dir='ltr'>vero</span> <span class='ocrx_word' id='word_1_93' title='bbox 732 2226 794 2272; x_wconf 92' lang='lat' dir='ltr'>non</span> <span class='ocrx_word' id='word_1_94' title='bbox 818 2215 903 2287; x_wconf 88' lang='lat' dir='ltr'>sunt,</span> <span class='ocrx_word' id='word_1_95' title='bbox 937 2209 1134 2289; x_wconf 79' lang='lat' dir='ltr'>,quoniam,“</span> <span class='ocrx_word' id='word_1_96' title='bbox 1160 2209 1265 2289; x_wconf 87' lang='lat' dir='ltr'>inquit,</span> 
     </span>
     <span class='ocr_line' id='line_1_11' title="bbox 136 2312 1264 2394; baseline -0.001 -18"><span class='ocrx_word' id='word_1_97' title='bbox 136 2313 258 2393; x_wconf 86' lang='lat' dir='ltr'>„adbuc</span> <span class='ocrx_word' id='word_1_98' title='bbox 280 2313 422 2394; x_wconf 84' lang='lat' dir='ltr'>exiguum</span> <span class='ocrx_word' id='word_1_99' title='bbox 446 2313 532 2375; x_wconf 89' lang='lat' dir='ltr'>deest</span> <span class='ocrx_word' id='word_1_100' title='bbox 546 2313 614 2375; x_wconf 89' lang='lat' dir='ltr'>huic</span> <span class='ocrx_word' id='word_1_101' title='bbox 631 2314 712 2391; x_wconf 89' lang='lat' dir='ltr'>turri,</span> <span class='ocrx_word' id='word_1_102' title='bbox 736 2312 816 2394; x_wconf 92' lang='lat' dir='ltr'>quod</span> <span class='ocrx_word' id='word_1_103' title='bbox 833 2312 1046 2375; x_wconf 87' lang='lat' dir='ltr'>aedificandum</span> <span class='ocrx_word' id='word_1_104' title='bbox 1064 2314 1129 2392; x_wconf 89' lang='lat' dir='ltr'>erit,</span> <span class='ocrx_word' id='word_1_105' title='bbox 1152 2320 1182 2374; x_wconf 90' lang='lat' dir='ltr'>et</span> <span class='ocrx_word' id='word_1_106' title='bbox 1197 2312 1264 2375; x_wconf 84' lang='lat' dir='ltr'>lor·</span> 
     </span>
     <span class='ocr_line' id='line_1_12' title="bbox 133 2394 1328 2501; baseline -0.003 -19"><span class='ocrx_word' id='word_1_107' title='bbox 133 2420 211 2482; x_wconf 89' lang='lat' dir='ltr'>sitan</span> <span class='ocrx_word' id='word_1_108' title='bbox 235 2418 299 2481; x_wconf 87' lang='lat' dir='ltr'>vult</span> <span class='ocrx_word' id='word_1_109' title='bbox 321 2416 456 2479; x_wconf 88' lang='lat' dir='ltr'>dominus</span> <span class='ocrx_word' id='word_1_110' title='bbox 480 2416 535 2480; x_wconf 90' lang='lat' dir='ltr'>bos</span> <span class='ocrx_word' id='word_1_111' title='bbox 565 2417 678 2499; x_wconf 91' lang='lat' dir='ltr'>lapides</span> <span class='ocrx_word' id='word_1_112' title='bbox 701 2419 794 2501; x_wconf 89' lang='lat' dir='ltr'>aptari</span> <span class='ocrx_word' id='word_1_113' title='bbox 808 2415 846 2478; x_wconf 87' lang='lat' dir='ltr'>&#39;in</span> <span class='ocrx_word' id='word_1_114' title='bbox 862 2436 898 2479; x_wconf 90' lang='lat' dir='ltr'>ea</span> <span class='ocrx_word' id='word_1_115' title='bbox 914 2423 1070 2495; x_wconf 91' lang='lat' dir='ltr'>structura,</span> <span class='ocrx_word' id='word_1_116' title='bbox 1094 2417 1161 2497; x_wconf 89' lang='lat' dir='ltr'>quia</span> <span class='ocrx_word' id='word_1_117' title='bbox 1179 2416 1265 2480; x_wconf 88' lang='lat' dir='ltr'>valdo</span> <span class='ocrx_word' id='word_1_118' title='bbox 1316 2394 1328 2416; x_wconf 74' lang='lat'><em>⁰</em></span> 
     </span>
    </p>
   </div>
   <div class='ocr_carea' id='block_1_3' title="bbox 134 2517 1382 2602">
    <p class='ocr_par' dir='ltr' id='par_1_3' title="bbox 134 2517 1382 2602">
     <span class='ocr_line' id='line_1_13' title="bbox 134 2517 1382 2602; baseline 0 -17"><span class='ocrx_word' id='word_1_119' title='bbox 134 2522 255 2587; x_wconf 87' lang='lat' dir='ltr'>candidi</span> <span class='ocrx_word' id='word_1_120' title='bbox 286 2521 384 2584; x_wconf 80' lang='lat' dir='ltr'>sunt.“</span> <span class='ocrx_word' id='word_1_121' title='bbox 430 2522 561 2585; x_wconf 87' lang='lat' dir='ltr'>Vocatae</span> <span class='ocrx_word' id='word_1_122' title='bbox 591 2529 659 2585; x_wconf 91' lang='lat' dir='ltr'>sunt</span> <span class='ocrx_word' id='word_1_123' title='bbox 690 2521 798 2584; x_wconf 90' lang='lat' dir='ltr'>deinde</span> <span class='ocrx_word' id='word_1_124' title='bbox 823 2517 993 2583; x_wconf 79' lang='lat' dir='ltr'>²mulieres</span> <span class='ocrx_word' id='word_1_125' title='bbox 1024 2522 1264 2602; x_wconf 82' lang='lat' dir='ltr'>speciosissimae</span> <span class='ocrx_word' id='word_1_126' title='bbox 1376 2542 1382 2547; x_wconf 90' lang='lat'>·</span> 
     </span>
    </p>
   </div>
   <div class='ocr_carea' id='block_1_4' title="bbox 133 2626 1265 3966">
    <p class='ocr_par' dir='ltr' id='par_1_4' title="bbox 133 2626 1265 3966">
     <span class='ocr_line' id='line_1_14' title="bbox 134 2626 1265 2708; baseline -0.002 -18"><span class='ocrx_word' id='word_1_127' title='bbox 134 2626 312 2704; x_wconf 87' lang='lat' dir='ltr'>duodecim,</span> <span class='ocrx_word' id='word_1_128' title='bbox 336 2627 421 2708; x_wconf 87' lang='lat' dir='ltr'>nigra</span> <span class='ocrx_word' id='word_1_129' title='bbox 445 2633 530 2688; x_wconf 90' lang='lat' dir='ltr'>veste</span> <span class='ocrx_word' id='word_1_130' title='bbox 554 2629 699 2704; x_wconf 83' lang='lat' dir='ltr'>vestitae,</span> <span class='ocrx_word' id='word_1_131' title='bbox 731 2626 892 2704; x_wconf 79' lang='lat' dir='ltr'>incinctae,</span> <span class='ocrx_word' id='word_1_132' title='bbox 925 2631 955 2686; x_wconf 94' lang='lat' dir='ltr'>et</span> <span class='ocrx_word' id='word_1_133' title='bbox 985 2626 1097 2687; x_wconf 85' lang='lat' dir='ltr'>exertis</span> <span class='ocrx_word' id='word_1_134' title='bbox 1121 2627 1265 2707; x_wconf 82' lang='lat' dir='ltr'>humeris,</span> 
     </span>
     <span class='ocr_line' id='line_1_15' title="bbox 133 2729 1264 2816; baseline -0.002 -20"><span class='ocrx_word' id='word_1_135' title='bbox 133 2732 312 2816; x_wconf 85' lang='lat' dir='ltr'>capillisque</span> <span class='ocrx_word' id='word_1_136' title='bbox 334 2730 448 2793; x_wconf 91' lang='lat' dir='ltr'>solutis.</span> <span class='ocrx_word' id='word_1_137' title='bbox 495 2731 680 2794; x_wconf 85' lang='lat' dir='ltr'>Videbantur</span> <span class='ocrx_word' id='word_1_138' title='bbox 695 2735 792 2792; x_wconf 90' lang='lat' dir='ltr'>autern</span> <span class='ocrx_word' id='word_1_139' title='bbox 809 2729 878 2791; x_wconf 91' lang='lat' dir='ltr'>mihi</span> <span class='ocrx_word' id='word_1_140' title='bbox 894 2730 951 2791; x_wconf 77' lang='lat' dir='ltr'>liae</span> <span class='ocrx_word' id='word_1_141' title='bbox 967 2729 1108 2792; x_wconf 90' lang='lat' dir='ltr'>mulieres</span> <span class='ocrx_word' id='word_1_142' title='bbox 1125 2738 1264 2811; x_wconf 85' lang='lat' dir='ltr'>agrestas</span> 
     </span>
     <span class='ocr_line' id='line_1_16' title="bbox 134 2833 1264 2918; baseline -0.004 -18"><span class='ocrx_word' id='word_1_143' title='bbox 134 2855 216 2900; x_wconf 84' lang='lat' dir='ltr'>esse.</span> <span class='ocrx_word' id='word_1_144' title='bbox 248 2835 285 2898; x_wconf 88' lang='lat' dir='ltr'>Et</span> <span class='ocrx_word' id='word_1_145' title='bbox 293 2836 383 2918; x_wconf 83' lang='lat' dir='ltr'>jussit</span> <span class='ocrx_word' id='word_1_146' title='bbox 399 2853 450 2896; x_wconf 89' lang='lat' dir='ltr'>eas</span> <span class='ocrx_word' id='word_1_147' title='bbox 466 2842 569 2916; x_wconf 89' lang='lat' dir='ltr'>pastor</span> <span class='ocrx_word' id='word_1_148' title='bbox 584 2835 633 2897; x_wconf 92' lang='lat' dir='ltr'>ille</span> <span class='ocrx_word' id='word_1_149' title='bbox 649 2835 755 2897; x_wconf 91' lang='lat' dir='ltr'>tollere</span> <span class='ocrx_word' id='word_1_150' title='bbox 771 2833 885 2915; x_wconf 91' lang='lat' dir='ltr'>lapides</span> <span class='ocrx_word' id='word_1_151' title='bbox 902 2835 977 2912; x_wconf 93' lang='lat' dir='ltr'>illos,</span> <span class='ocrx_word' id='word_1_152' title='bbox 994 2835 1046 2915; x_wconf 93' lang='lat' dir='ltr'>qui</span> <span class='ocrx_word' id='word_1_153' title='bbox 1062 2833 1099 2896; x_wconf 93' lang='lat' dir='ltr'>de</span> <span class='ocrx_word' id='word_1_154' title='bbox 1116 2841 1264 2898; x_wconf 87' lang='lat' dir='ltr'>structura</span> 
     </span>
     <span class='ocr_line' id='line_1_17' title="bbox 134 2937 1265 3025; baseline -0.004 -20"><span class='ocrx_word' id='word_1_155' title='bbox 134 2943 227 3025; x_wconf 89' lang='lat' dir='ltr'>ejecti</span> <span class='ocrx_word' id='word_1_156' title='bbox 250 2947 351 3018; x_wconf 88' lang='lat' dir='ltr'>eraut,</span> <span class='ocrx_word' id='word_1_157' title='bbox 381 2948 411 3002; x_wconf 89' lang='lat' dir='ltr'>ct</span> <span class='ocrx_word' id='word_1_158' title='bbox 434 2957 488 3002; x_wconf 90' lang='lat' dir='ltr'>eos</span> <span class='ocrx_word' id='word_1_159' title='bbox 511 2939 619 3002; x_wconf 83' lang='lat' dir='ltr'>reterri</span> <span class='ocrx_word' id='word_1_160' title='bbox 643 2941 672 3002; x_wconf 89' lang='lat' dir='ltr'>in</span> <span class='ocrx_word' id='word_1_161' title='bbox 695 2944 821 3015; x_wconf 87' lang='lat' dir='ltr'>montes,</span> <span class='ocrx_word' id='word_1_162' title='bbox 844 2937 924 3001; x_wconf 91' lang='lat' dir='ltr'>unde</span> <span class='ocrx_word' id='word_1_163' title='bbox 947 2939 1034 3000; x_wconf 92' lang='lat' dir='ltr'>ablati</span> <span class='ocrx_word' id='word_1_164' title='bbox 1057 2938 1183 3002; x_wconf 87' lang='lat' dir='ltr'>lucrant.</span> <span class='ocrx_word' id='word_1_165' title='bbox 1228 2938 1265 3001; x_wconf 86' lang='lat' dir='ltr'>Et</span> 
     </span>
     <span class='ocr_line' id='line_1_18' title="bbox 134 3042 1263 3127; baseline -0.004 -19"><span class='ocrx_word' id='word_1_166' title='bbox 134 3045 205 3108; x_wconf 88' lang='lat' dir='ltr'>illae</span> <span class='ocrx_word' id='word_1_167' title='bbox 227 3045 393 3127; x_wconf 81' lang='lat' dir='ltr'>gaudentes</span> <span class='ocrx_word' id='word_1_168' title='bbox 417 3047 599 3107; x_wconf 90' lang='lat' dir='ltr'>sustulerunt</span> <span class='ocrx_word' id='word_1_169' title='bbox 621 3062 744 3123; x_wconf 90' lang='lat' dir='ltr'>omncs,</span> <span class='ocrx_word' id='word_1_170' title='bbox 778 3051 808 3105; x_wconf 93' lang='lat' dir='ltr'>et</span> <span class='ocrx_word' id='word_1_171' title='bbox 831 3050 1060 3124; x_wconf 87' lang='lat' dir='ltr'>reportaverunt</span> <span class='ocrx_word' id='word_1_172' title='bbox 1083 3062 1153 3121; x_wconf 90' lang='lat' dir='ltr'>eos,</span> <span class='ocrx_word' id='word_1_173' title='bbox 1185 3042 1263 3105; x_wconf 88' lang='lat' dir='ltr'>unde</span> 
     </span>
     <span class='ocr_line' id='line_1_19' title="bbox 134 3147 1262 3232; baseline -0.003 -20"><span class='ocrx_word' id='word_1_174' title='bbox 134 3151 265 3212; x_wconf 86' lang='lat' dir='ltr'>extracti</span> <span class='ocrx_word' id='word_1_175' title='bbox 287 3148 415 3212; x_wconf 79' lang='lat' dir='ltr'>fuerant.</span> <span class='ocrx_word' id='word_1_176' title='bbox 459 3151 614 3232; x_wconf 88' lang='lat' dir='ltr'>Postquam</span> <span class='ocrx_word' id='word_1_177' title='bbox 639 3156 736 3212; x_wconf 89' lang='lat' dir='ltr'>autem</span> <span class='ocrx_word' id='word_1_178' title='bbox 758 3148 855 3210; x_wconf 89' lang='lat' dir='ltr'>nullus</span> <span class='ocrx_word' id='word_1_179' title='bbox 871 3148 945 3230; x_wconf 88' lang='lat' dir='ltr'>lapis</span> <span class='ocrx_word' id='word_1_180' title='bbox 961 3148 1040 3208; x_wconf 89' lang='lat' dir='ltr'>circa</span> <span class='ocrx_word' id='word_1_181' title='bbox 1056 3147 1159 3208; x_wconf 91' lang='lat' dir='ltr'>turrim</span> <span class='ocrx_word' id='word_1_182' title='bbox 1171 3149 1262 3230; x_wconf 88' lang='lat' dir='ltr'>jace-</span> 
     </span>
     <span class='ocr_line' id='line_1_20' title="bbox 134 3251 1261 3334; baseline -0.002 -17"><span class='ocrx_word' id='word_1_183' title='bbox 134 3261 193 3333; x_wconf 85' lang='lat' dir='ltr'>ret,</span> <span class='ocrx_word' id='word_1_184' title='bbox 217 3256 257 3317; x_wconf 92' lang='lat' dir='ltr'>ait</span> <span class='ocrx_word' id='word_1_185' title='bbox 280 3255 364 3317; x_wconf 93' lang='lat' dir='ltr'>mihi:</span> <span class='ocrx_word' id='word_1_186' title='bbox 390 3256 623 3334; x_wconf 87' lang='lat' dir='ltr'>,circumeamus</span> <span class='ocrx_word' id='word_1_187' title='bbox 646 3254 722 3316; x_wconf 88' lang='lat' dir='ltr'>bano</span> <span class='ocrx_word' id='word_1_188' title='bbox 745 3254 858 3332; x_wconf 92' lang='lat' dir='ltr'>turrim,</span> <span class='ocrx_word' id='word_1_189' title='bbox 881 3259 911 3315; x_wconf 91' lang='lat' dir='ltr'>et</span> <span class='ocrx_word' id='word_1_190' title='bbox 933 3251 1095 3331; x_wconf 85' lang='lat' dir='ltr'>videamus,</span> <span class='ocrx_word' id='word_1_191' title='bbox 1119 3252 1261 3334; x_wconf 86' lang='lat' dir='ltr'>numquid</span> 
     </span>
     <span class='ocr_line' id='line_1_21' title="bbox 134 3356 1262 3443; baseline -0.001 -22"><span class='ocrx_word' id='word_1_192' title='bbox 134 3360 247 3440; x_wconf 92' lang='lat' dir='ltr'>aliquid</span> <span class='ocrx_word' id='word_1_193' title='bbox 272 3360 349 3423; x_wconf 85' lang='lat' dir='ltr'>desit</span> <span class='ocrx_word' id='word_1_194' title='bbox 371 3361 440 3423; x_wconf 81' lang='lat' dir='ltr'>illi.“</span> <span class='ocrx_word' id='word_1_195' title='bbox 488 3360 647 3442; x_wconf 88' lang='lat' dir='ltr'>Coepimus</span> <span class='ocrx_word' id='word_1_196' title='bbox 671 3377 746 3443; x_wconf 92' lang='lat' dir='ltr'>ergo</span> <span class='ocrx_word' id='word_1_197' title='bbox 770 3359 927 3421; x_wconf 90' lang='lat' dir='ltr'>circumire</span> <span class='ocrx_word' id='word_1_198' title='bbox 949 3375 1022 3420; x_wconf 90' lang='lat' dir='ltr'>eam.</span> <span class='ocrx_word' id='word_1_199' title='bbox 1043 3365 1050 3399; x_wconf 73' lang='lat'><em>⁶</em></span> <span class='ocrx_word' id='word_1_200' title='bbox 1068 3356 1105 3419; x_wconf 86' lang='lat' dir='ltr'>Et</span> <span class='ocrx_word' id='word_1_201' title='bbox 1135 3364 1167 3419; x_wconf 88' lang='lat' dir='ltr'>ut</span> <span class='ocrx_word' id='word_1_202' title='bbox 1188 3356 1262 3421; x_wconf 85' lang='lat' dir='ltr'>vidit</span> 
     </span>
     <span class='ocr_line' id='line_1_22' title="bbox 134 3462 1261 3546; baseline -0.002 -19"><span class='ocrx_word' id='word_1_203' title='bbox 134 3482 202 3527; x_wconf 90' lang='lat' dir='ltr'>eam</span> <span class='ocrx_word' id='word_1_204' title='bbox 226 3463 369 3527; x_wconf 89' lang='lat' dir='ltr'>decenter</span> <span class='ocrx_word' id='word_1_205' title='bbox 390 3464 582 3543; x_wconf 86' lang='lat' dir='ltr'>aedificatam,</span> <span class='ocrx_word' id='word_1_206' title='bbox 605 3464 705 3546; x_wconf 87' lang='lat' dir='ltr'>coepit</span> <span class='ocrx_word' id='word_1_207' title='bbox 721 3463 807 3527; x_wconf 86' lang='lat' dir='ltr'>valde</span> <span class='ocrx_word' id='word_1_208' title='bbox 822 3462 923 3526; x_wconf 88' lang='lat' dir='ltr'>hilaris</span> <span class='ocrx_word' id='word_1_209' title='bbox 940 3481 1024 3538; x_wconf 89' lang='lat' dir='ltr'>esse;</span> <span class='ocrx_word' id='word_1_210' title='bbox 1047 3463 1086 3524; x_wconf 88' lang='lat' dir='ltr'>ita</span> <span class='ocrx_word' id='word_1_211' title='bbox 1102 3463 1179 3525; x_wconf 90' lang='lat' dir='ltr'>enim</span> <span class='ocrx_word' id='word_1_212' title='bbox 1202 3462 1261 3525; x_wconf 91' lang='lat' dir='ltr'>de-</span> 
     </span>
     <span class='ocr_line' id='line_1_23' title="bbox 134 3568 1261 3651; baseline -0.002 -19"><span class='ocrx_word' id='word_1_213' title='bbox 134 3576 241 3632; x_wconf 89' lang='lat' dir='ltr'>center</span> <span class='ocrx_word' id='word_1_214' title='bbox 256 3568 407 3633; x_wconf 88' lang='lat' dir='ltr'>aedificata</span> <span class='ocrx_word' id='word_1_215' title='bbox 424 3570 529 3649; x_wconf 87' lang='lat' dir='ltr'>luerat,</span> <span class='ocrx_word' id='word_1_216' title='bbox 555 3578 595 3648; x_wconf 90' lang='lat' dir='ltr'>ut,</span> <span class='ocrx_word' id='word_1_217' title='bbox 619 3571 668 3651; x_wconf 93' lang='lat' dir='ltr'>qui</span> <span class='ocrx_word' id='word_1_218' title='bbox 684 3568 817 3646; x_wconf 89' lang='lat' dir='ltr'>vidisset,</span> <span class='ocrx_word' id='word_1_219' title='bbox 841 3568 1069 3648; x_wconf 86' lang='lat' dir='ltr'>concupisceret</span> <span class='ocrx_word' id='word_1_220' title='bbox 1084 3573 1261 3630; x_wconf 87' lang='lat' dir='ltr'>structuram</span> 
     </span>
     <span class='ocr_line' id='line_1_24' title="bbox 134 3670 1261 3756; baseline -0.003 -20"><span class='ocrx_word' id='word_1_221' title='bbox 134 3676 217 3755; x_wconf 88' lang='lat' dir='ltr'>ejus;</span> <span class='ocrx_word' id='word_1_222' title='bbox 242 3670 405 3755; x_wconf 77' lang='lat' dir='ltr'>⁸quoaiam</span> <span class='ocrx_word' id='word_1_223' title='bbox 429 3676 514 3755; x_wconf 91' lang='lat' dir='ltr'>quasi</span> <span class='ocrx_word' id='word_1_224' title='bbox 537 3674 574 3736; x_wconf 93' lang='lat' dir='ltr'>de</span> <span class='ocrx_word' id='word_1_225' title='bbox 597 3692 657 3737; x_wconf 89' lang='lat' dir='ltr'>uno</span> <span class='ocrx_word' id='word_1_226' title='bbox 672 3674 770 3756; x_wconf 88' lang='lat' dir='ltr'>lapide</span> <span class='ocrx_word' id='word_1_227' title='bbox 787 3673 943 3736; x_wconf 87' lang='lat' dir='ltr'>videbatur</span> <span class='ocrx_word' id='word_1_228' title='bbox 959 3690 1039 3751; x_wconf 90' lang='lat' dir='ltr'>esse,</span> <span class='ocrx_word' id='word_1_229' title='bbox 1063 3690 1119 3733; x_wconf 88' lang='lat' dir='ltr'>neo</span> <span class='ocrx_word' id='word_1_230' title='bbox 1136 3690 1261 3753; x_wconf 84' lang='lat' dir='ltr'>usquam</span> 
     </span>
     <span class='ocr_line' id='line_1_25' title="bbox 134 3773 1216 3861; baseline -0.007 -19"><span class='ocrx_word' id='word_1_231' title='bbox 134 3779 329 3843; x_wconf 79' lang='lat' dir='ltr'>commissura</span> <span class='ocrx_word' id='word_1_232' title='bbox 353 3780 523 3861; x_wconf 85' lang='lat' dir='ltr'>apparebat,</span> <span class='ocrx_word' id='word_1_233' title='bbox 546 3779 600 3842; x_wconf 91' lang='lat' dir='ltr'>sed</span> <span class='ocrx_word' id='word_1_234' title='bbox 624 3798 663 3841; x_wconf 88' lang='lat' dir='ltr'>ex</span> <span class='ocrx_word' id='word_1_235' title='bbox 685 3785 769 3861; x_wconf 87' lang='lat' dir='ltr'>petra</span> <span class='ocrx_word' id='word_1_236' title='bbox 792 3795 850 3840; x_wconf 90' lang='lat' dir='ltr'>una</span> <span class='ocrx_word' id='word_1_237' title='bbox 874 3776 1029 3839; x_wconf 90' lang='lat' dir='ltr'>videbatur</span> <span class='ocrx_word' id='word_1_238' title='bbox 1051 3773 1216 3855; x_wconf 78' lang='lat' dir='ltr'>exsculpta.</span> 
     </span>
     <span class='ocr_line' id='line_1_26' title="bbox 222 3876 1261 3966; baseline -0.005 -20"><span class='ocrx_word' id='word_1_239' title='bbox 222 3883 260 3946; x_wconf 88' lang='lat' dir='ltr'>X.</span> <span class='ocrx_word' id='word_1_240' title='bbox 303 3883 369 3965; x_wconf 87' lang='lat' dir='ltr'>Ego</span> <span class='ocrx_word' id='word_1_241' title='bbox 392 3889 490 3946; x_wconf 89' lang='lat' dir='ltr'>autem</span> <span class='ocrx_word' id='word_1_242' title='bbox 513 3883 684 3966; x_wconf 91' lang='lat' dir='ltr'>hujusmodi</span> <span class='ocrx_word' id='word_1_243' title='bbox 706 3884 808 3946; x_wconf 91' lang='lat' dir='ltr'>turrim</span> <span class='ocrx_word' id='word_1_244' title='bbox 832 3887 942 3943; x_wconf 87' lang='lat' dir='ltr'>attente</span> <span class='ocrx_word' id='word_1_245' title='bbox 958 3878 1152 3943; x_wconf 90' lang='lat' dir='ltr'>considerans</span> <span class='ocrx_word' id='word_1_246' title='bbox 1173 3876 1261 3941; x_wconf 83' lang='lat' dir='ltr'>valde</span> 
     </span>
    </p>
   </div>
   <div class='ocr_carea' id='block_1_5' title="bbox 134 3982 1360 4066">
    <p class='ocr_par' dir='ltr' id='par_1_5' title="bbox 134 3982 1360 4066">
     <span class='ocr_line' id='line_1_27' title="bbox 134 3982 1360 4066; baseline -0.005 -15"><span class='ocrx_word' id='word_1_247' title='bbox 134 3986 277 4051; x_wconf 89' lang='lat' dir='ltr'>laetabar.</span> <span class='ocrx_word' id='word_1_248' title='bbox 321 3984 358 4047; x_wconf 88' lang='lat' dir='ltr'>Et</span> <span class='ocrx_word' id='word_1_249' title='bbox 381 3987 420 4048; x_wconf 88' lang='lat' dir='ltr'>ait</span> <span class='ocrx_word' id='word_1_250' title='bbox 443 3986 526 4049; x_wconf 89' lang='lat' dir='ltr'>mibi:</span> <span class='ocrx_word' id='word_1_251' title='bbox 553 3987 648 4066; x_wconf 85' lang='lat' dir='ltr'>,aller</span> <span class='ocrx_word' id='word_1_252' title='bbox 663 3987 775 4050; x_wconf 91' lang='lat' dir='ltr'>calcem</span> <span class='ocrx_word' id='word_1_253' title='bbox 792 3991 821 4047; x_wconf 91' lang='lat' dir='ltr'>et</span> <span class='ocrx_word' id='word_1_254' title='bbox 837 3991 926 4047; x_wconf 88' lang='lat' dir='ltr'>testas</span> <span class='ocrx_word' id='word_1_255' title='bbox 943 3986 1079 4061; x_wconf 91' lang='lat' dir='ltr'>minutas,</span> <span class='ocrx_word' id='word_1_256' title='bbox 1101 3990 1135 4045; x_wconf 93' lang='lat' dir='ltr'>ut</span> <span class='ocrx_word' id='word_1_257' title='bbox 1149 3982 1261 4046; x_wconf 80' lang='lat' dir='ltr'>formas</span> <span class='ocrx_word' id='word_1_258' title='bbox 1356 4049 1360 4059; x_wconf 73' lang='grc'><strong>,</strong></span> 
     </span>
    </p>
   </div>
   <div class='ocr_carea' id='block_1_6' title="bbox 134 4086 1262 4692">
    <p class='ocr_par' dir='ltr' id='par_1_6' title="bbox 134 4086 1262 4692">
     <span class='ocr_line' id='line_1_28' title="bbox 135 4086 1262 4171; baseline -0.004 -19"><span class='ocrx_word' id='word_1_259' title='bbox 135 4108 241 4154; x_wconf 90' lang='lat' dir='ltr'>eorum</span> <span class='ocrx_word' id='word_1_260' title='bbox 264 4090 402 4171; x_wconf 89' lang='lat' dir='ltr'>lapidum,</span> <span class='ocrx_word' id='word_1_261' title='bbox 425 4092 476 4171; x_wconf 93' lang='lat' dir='ltr'>qui</span> <span class='ocrx_word' id='word_1_262' title='bbox 499 4092 606 4154; x_wconf 90' lang='lat' dir='ltr'>sublati</span> <span class='ocrx_word' id='word_1_263' title='bbox 629 4098 698 4154; x_wconf 92' lang='lat' dir='ltr'>sunt</span> <span class='ocrx_word' id='word_1_264' title='bbox 722 4090 759 4154; x_wconf 93' lang='lat' dir='ltr'>de</span> <span class='ocrx_word' id='word_1_265' title='bbox 782 4095 928 4153; x_wconf 87' lang='lat' dir='ltr'>structura</span> <span class='ocrx_word' id='word_1_266' title='bbox 952 4089 1108 4150; x_wconf 91' lang='lat' dir='ltr'>etiterum</span> <span class='ocrx_word' id='word_1_267' title='bbox 1128 4086 1262 4169; x_wconf 80' lang='lat' dir='ltr'>repositi,</span> 
     </span>
     <span class='ocr_line' id='line_1_29' title="bbox 136 4190 1260 4276; baseline -0.003 -20"><span class='ocrx_word' id='word_1_268' title='bbox 136 4194 273 4275; x_wconf 85' lang='lat' dir='ltr'>expleam</span> <span class='ocrx_word' id='word_1_269' title='bbox 280 4215 290 4270; x_wconf 93' lang='lat'>;</span> <span class='ocrx_word' id='word_1_270' title='bbox 310 4213 345 4257; x_wconf 90' lang='lat' dir='ltr'>ea</span> <span class='ocrx_word' id='word_1_271' title='bbox 362 4194 449 4273; x_wconf 91' lang='lat' dir='ltr'>enim,</span> <span class='ocrx_word' id='word_1_272' title='bbox 466 4213 543 4276; x_wconf 89' lang='lat' dir='ltr'>quae</span> <span class='ocrx_word' id='word_1_273' title='bbox 559 4197 637 4259; x_wconf 90' lang='lat' dir='ltr'>circa</span> <span class='ocrx_word' id='word_1_274' title='bbox 653 4196 755 4257; x_wconf 90' lang='lat' dir='ltr'>turrim</span> <span class='ocrx_word' id='word_1_275' title='bbox 772 4198 849 4270; x_wconf 93' lang='lat' dir='ltr'>sunt,</span> <span class='ocrx_word' id='word_1_276' title='bbox 869 4192 966 4255; x_wconf 88' lang='lat' dir='ltr'>omnia</span> <span class='ocrx_word' id='word_1_277' title='bbox 982 4191 1104 4271; x_wconf 88' lang='lat' dir='ltr'>aequari</span> <span class='ocrx_word' id='word_1_278' title='bbox 1121 4190 1260 4254; x_wconf 78' lang='lat' dir='ltr'>debent“</span> 
     </span>
     <span class='ocr_line' id='line_1_30' title="bbox 134 4294 1262 4381; baseline -0.002 -20"><span class='ocrx_word' id='word_1_279' title='bbox 134 4297 171 4361; x_wconf 82' lang='lat' dir='ltr'>lit</span> <span class='ocrx_word' id='word_1_280' title='bbox 194 4298 264 4376; x_wconf 88' lang='lat' dir='ltr'>leci,</span> <span class='ocrx_word' id='word_1_281' title='bbox 287 4299 362 4360; x_wconf 91' lang='lat' dir='ltr'>siout</span> <span class='ocrx_word' id='word_1_282' title='bbox 378 4299 465 4381; x_wconf 86' lang='lat' dir='ltr'>jussit</span> <span class='ocrx_word' id='word_1_283' title='bbox 479 4299 559 4378; x_wconf 91' lang='lat' dir='ltr'>mibi,</span> <span class='ocrx_word' id='word_1_284' title='bbox 583 4306 612 4361; x_wconf 90' lang='lat' dir='ltr'>et</span> <span class='ocrx_word' id='word_1_285' title='bbox 628 4300 709 4362; x_wconf 87' lang='lat' dir='ltr'>attuli</span> <span class='ocrx_word' id='word_1_286' title='bbox 725 4297 762 4361; x_wconf 91' lang='lat' dir='ltr'>ad</span> <span class='ocrx_word' id='word_1_287' title='bbox 777 4315 853 4359; x_wconf 89' lang='lat' dir='ltr'>eum.</span> <span class='ocrx_word' id='word_1_288' title='bbox 898 4296 935 4358; x_wconf 90' lang='lat' dir='ltr'>Et</span> <span class='ocrx_word' id='word_1_289' title='bbox 956 4296 997 4357; x_wconf 91' lang='lat' dir='ltr'>ait</span> <span class='ocrx_word' id='word_1_290' title='bbox 1012 4294 1095 4357; x_wconf 91' lang='lat' dir='ltr'>mibi:</span> <span class='ocrx_word' id='word_1_291' title='bbox 1120 4302 1262 4378; x_wconf 86' lang='lat' dir='ltr'>,praesto</span> 
     </span>
     <span class='ocr_line' id='line_1_31' title="bbox 136 4400 1261 4484; baseline -0.004 -20"><span class='ocrx_word' id='word_1_292' title='bbox 136 4400 216 4464; x_wconf 86' lang='lat' dir='ltr'>adsis</span> <span class='ocrx_word' id='word_1_293' title='bbox 232 4400 302 4463; x_wconf 89' lang='lat' dir='ltr'>mibi</span> <span class='ocrx_word' id='word_1_294' title='bbox 309 4423 319 4477; x_wconf 82' lang='lat'>3</span> <span class='ocrx_word' id='word_1_295' title='bbox 343 4409 372 4463; x_wconf 94' lang='lat' dir='ltr'>et</span> <span class='ocrx_word' id='word_1_296' title='bbox 387 4402 447 4465; x_wconf 90' lang='lat' dir='ltr'>cito</span> <span class='ocrx_word' id='word_1_297' title='bbox 463 4401 521 4463; x_wconf 90' lang='lat' dir='ltr'>boc</span> <span class='ocrx_word' id='word_1_298' title='bbox 537 4420 611 4483; x_wconf 90' lang='lat' dir='ltr'>opos</span> <span class='ocrx_word' id='word_1_299' title='bbox 627 4401 826 4482; x_wconf 84' lang='lat' dir='ltr'>perficietur.“</span> <span class='ocrx_word' id='word_1_300' title='bbox 873 4400 1038 4483; x_wconf 78' lang='lat' dir='ltr'>complevit</span> <span class='ocrx_word' id='word_1_301' title='bbox 1060 4420 1135 4484; x_wconf 87' lang='lat' dir='ltr'>ergo</span> <span class='ocrx_word' id='word_1_302' title='bbox 1151 4401 1261 4463; x_wconf 83' lang='lat' dir='ltr'>formas</span> 
     </span>
     <span class='ocr_line' id='line_1_32' title="bbox 136 4504 1262 4588; baseline -0.002 -21"><span class='ocrx_word' id='word_1_303' title='bbox 136 4505 255 4568; x_wconf 88' lang='lat' dir='ltr'>illorum</span> <span class='ocrx_word' id='word_1_304' title='bbox 277 4505 424 4587; x_wconf 91' lang='lat' dir='ltr'>lapidum,</span> <span class='ocrx_word' id='word_1_305' title='bbox 455 4512 486 4567; x_wconf 91' lang='lat' dir='ltr'>et</span> <span class='ocrx_word' id='word_1_306' title='bbox 513 4507 602 4588; x_wconf 89' lang='lat' dir='ltr'>jussit</span> <span class='ocrx_word' id='word_1_307' title='bbox 631 4506 729 4570; x_wconf 88' lang='lat' dir='ltr'>locum</span> <span class='ocrx_word' id='word_1_308' title='bbox 761 4504 897 4568; x_wconf 89' lang='lat' dir='ltr'>mundari</span> <span class='ocrx_word' id='word_1_309' title='bbox 920 4505 998 4568; x_wconf 90' lang='lat' dir='ltr'>circa</span> <span class='ocrx_word' id='word_1_310' title='bbox 1022 4506 1134 4569; x_wconf 88' lang='lat' dir='ltr'>turrim.</span> <span class='ocrx_word' id='word_1_311' title='bbox 1179 4505 1262 4566; x_wconf 85' lang='lat' dir='ltr'>Tunc</span> 
     </span>
     <span class='ocr_line' id='line_1_33' title="bbox 138 4608 1262 4692; baseline -0.003 -21"><span class='ocrx_word' id='word_1_312' title='bbox 138 4608 273 4692; x_wconf 83' lang='lat' dir='ltr'>virgines</span> <span class='ocrx_word' id='word_1_313' title='bbox 295 4609 364 4671; x_wconf 87' lang='lat' dir='ltr'>illae</span> <span class='ocrx_word' id='word_1_314' title='bbox 387 4608 647 4691; x_wconf 88' lang='lat' dir='ltr'>apprehenderunt</span> <span class='ocrx_word' id='word_1_315' title='bbox 669 4628 787 4690; x_wconf 89' lang='lat' dir='ltr'>scopas,</span> <span class='ocrx_word' id='word_1_316' title='bbox 810 4617 841 4673; x_wconf 91' lang='lat' dir='ltr'>et</span> <span class='ocrx_word' id='word_1_317' title='bbox 863 4610 1079 4673; x_wconf 83' lang='lat' dir='ltr'>orandaverunt</span> <span class='ocrx_word' id='word_1_318' title='bbox 1101 4613 1208 4687; x_wconf 87' lang='lat' dir='ltr'>totum,</span> <span class='ocrx_word' id='word_1_319' title='bbox 1232 4611 1262 4669; x_wconf 90' lang='lat' dir='ltr'>et</span> 
     </span>
    </p>
   </div>
   <div class='ocr_carea' id='block_1_7' title="bbox 140 4778 1259 5105">
    <p class='ocr_par' dir='ltr' id='par_1_7' title="bbox 140 4778 1259 4939">
     <span class='ocr_line' id='line_1_34' title="bbox 174 4778 1259 4848; baseline -0.003 -18"><span class='ocrx_word' id='word_1_320' title='bbox 174 4781 201 4846; x_wconf 90' lang='lat' dir='ltr'>t)</span> <span class='ocrx_word' id='word_1_321' title='bbox 226 4779 265 4831; x_wconf 85' lang='lat' dir='ltr'>Ita</span> <span class='ocrx_word' id='word_1_322' title='bbox 295 4789 365 4833; x_wconf 88' lang='lat' dir='ltr'>recte</span> <span class='ocrx_word' id='word_1_323' title='bbox 396 4782 479 4833; x_wconf 82' lang='lat' dir='ltr'>codex</span> <span class='ocrx_word' id='word_1_324' title='bbox 508 4780 593 4832; x_wconf 80' lang='lat' dir='ltr'>lamb.</span> <span class='ocrx_word' id='word_1_325' title='bbox 638 4779 687 4832; x_wconf 80' lang='lat' dir='ltr'>alii</span> <span class='ocrx_word' id='word_1_326' title='bbox 713 4791 772 4833; x_wconf 87' lang='lat' dir='ltr'>sunt</span> <span class='ocrx_word' id='word_1_327' title='bbox 796 4784 950 4847; x_wconf 74' lang='lat' dir='ltr'>dromones,</span> <span class='ocrx_word' id='word_1_328' title='bbox 974 4782 1076 4848; x_wconf 84' lang='lat' dir='ltr'>spiritus</span> <span class='ocrx_word' id='word_1_329' title='bbox 1100 4778 1202 4847; x_wconf 85' lang='lat' dir='ltr'>maligni</span> <span class='ocrx_word' id='word_1_330' title='bbox 1223 4798 1259 4826; x_wconf 91' lang='lat'>=</span> 
     </span>
     <span class='ocr_line' id='line_1_35' title="bbox 140 4865 783 4939; baseline -0.002 -19"><span class='ocrx_word' id='word_1_331' title='bbox 140 4870 298 4939; x_wconf 69' lang='lat' dir='ltr'>efformavit.</span> <span class='ocrx_word' id='word_1_332' title='bbox 336 4865 388 4919; x_wconf 69' lang='lat' dir='ltr'>cta.</span> <span class='ocrx_word' id='word_1_333' title='bbox 405 4883 482 4934; x_wconf 83' lang='lat' dir='ltr'>supra</span> <span class='ocrx_word' id='word_1_334' title='bbox 500 4886 520 4920; x_wconf 87' lang='lat' dir='ltr'>c.</span> <span class='ocrx_word' id='word_1_335' title='bbox 541 4868 557 4918; x_wconf 88' lang='grc'>6</span> <span class='ocrx_word' id='word_1_336' title='bbox 577 4868 602 4917; x_wconf 85' lang='lat' dir='ltr'>et</span> <span class='ocrx_word' id='word_1_337' title='bbox 620 4868 644 4920; x_wconf 82' lang='lat'>8.</span> <span class='ocrx_word' id='word_1_338' title='bbox 714 4871 783 4921; x_wconf 86' lang='lat' dir='ltr'>vitia.</span> 
     </span>
    </p>

    <p class='ocr_par' dir='ltr' id='par_1_8' title="bbox 142 4949 1259 5105">
     <span class='ocr_line' id='line_1_36' title="bbox 172 4949 1259 5021; baseline -0.003 -16"><span class='ocrx_word' id='word_1_339' title='bbox 172 4956 201 5018; x_wconf 85' lang='lat'>2)</span> <span class='ocrx_word' id='word_1_340' title='bbox 222 4952 274 5007; x_wconf 84' lang='lat' dir='ltr'>Gir.</span> <span class='ocrx_word' id='word_1_341' title='bbox 293 4953 356 5007; x_wconf 85' lang='lat' dir='ltr'>iutra</span> <span class='ocrx_word' id='word_1_342' title='bbox 376 4970 397 5004; x_wconf 90' lang='lat' dir='ltr'>c.</span> <span class='ocrx_word' id='word_1_343' title='bbox 417 4954 458 5005; x_wconf 84' lang='grc'>13.</span> <span class='ocrx_word' id='word_1_344' title='bbox 477 4970 503 5021; x_wconf 80' lang='grc' dir='ltr'>ρ.</span> <span class='ocrx_word' id='word_1_345' title='bbox 516 4954 577 5004; x_wconf 81' lang='grc'>421.</span> <span class='ocrx_word' id='word_1_346' title='bbox 596 4962 647 5005; x_wconf 88' lang='lat' dir='ltr'>not.</span> <span class='ocrx_word' id='word_1_347' title='bbox 662 4954 687 5018; x_wconf 88' lang='lat'>5,</span> <span class='ocrx_word' id='word_1_348' title='bbox 749 4954 777 5018; x_wconf 81' lang='lat'>3)</span> <span class='ocrx_word' id='word_1_349' title='bbox 796 4955 894 5007; x_wconf 86' lang='lat' dir='ltr'>Laudat</span> <span class='ocrx_word' id='word_1_350' title='bbox 906 4949 1259 5020; x_wconf 73' lang='lat' dir='ltr'>b.l.0ripeaoa‚Gommout.</span> 
     </span>
     <span class='ocr_line' id='line_1_37' title="bbox 142 5036 1215 5105; baseline -0.003 -13"><span class='ocrx_word' id='word_1_351' title='bbox 142 5056 163 5093; x_wconf 82' lang='lat' dir='ltr'>e.</span> <span class='ocrx_word' id='word_1_352' title='bbox 192 5041 225 5093; x_wconf 84' lang='lat'>15</span> <span class='ocrx_word' id='word_1_353' title='bbox 261 5047 289 5092; x_wconf 82' lang='lat' dir='ltr'>ct</span> <span class='ocrx_word' id='word_1_354' title='bbox 324 5056 347 5091; x_wconf 87' lang='lat' dir='ltr'>e.</span> <span class='ocrx_word' id='word_1_355' title='bbox 379 5040 420 5092; x_wconf 80' lang='lat'>18.</span> <span class='ocrx_word' id='word_1_356' title='bbox 485 5038 602 5092; x_wconf 78' lang='lat' dir='ltr'>Mulieres</span> <span class='ocrx_word' id='word_1_357' title='bbox 638 5040 687 5092; x_wconf 84' lang='lat' dir='ltr'>lraa</span> <span class='ocrx_word' id='word_1_358' title='bbox 714 5037 835 5092; x_wconf 81' lang='lat' dir='ltr'>insec.</span> <span class='ocrx_word' id='word_1_359' title='bbox 853 5041 881 5092; x_wconf 78' lang='grc' dir='ltr'>Τ.</span> <span class='ocrx_word' id='word_1_360' title='bbox 901 5040 931 5092; x_wconf 94' lang='lat' dir='ltr'>ll.</span> <span class='ocrx_word' id='word_1_361' title='bbox 951 5055 976 5105; x_wconf 88' lang='lat' dir='ltr'>p.</span> <span class='ocrx_word' id='word_1_362' title='bbox 996 5037 1056 5089; x_wconf 81' lang='grc'><strong>439.</strong></span> <span class='ocrx_word' id='word_1_363' title='bbox 1076 5036 1116 5090; x_wconf 84' lang='lat' dir='ltr'>ad.</span> <span class='ocrx_word' id='word_1_364' title='bbox 1136 5036 1215 5090; x_wconf 77' lang='lat' dir='ltr'>Reae.</span> 
     </span>
    </p>
   </div>
   <div class='ocr_carea' id='block_1_8' title="bbox 192 5126 1051 5194">
    <p class='ocr_par' dir='ltr' id='par_1_9' title="bbox 192 5126 1051 5194">
     <span class='ocr_line' id='line_1_38' title="bbox 192 5126 1051 5194; baseline 0.008 -11"><span class='ocrx_word' id='word_1_365' title='bbox 192 5143 258 5184; x_wconf 74' lang='lat' dir='ltr'>rma</span> <span class='ocrx_word' id='word_1_366' title='bbox 271 5148 335 5194; x_wconf 67' lang='lat' dir='ltr'>apua.</span> <span class='ocrx_word' id='word_1_367' title='bbox 353 5142 386 5185; x_wconf 70' lang='lat' dir='ltr'>aa.</span> <span class='ocrx_word' id='word_1_368' title='bbox 402 5143 436 5188; x_wconf 78' lang='grc' dir='ltr'>ιν,</span> <span class='ocrx_word' id='word_1_369' title='bbox 1010 5126 1051 5190; x_wconf 83' lang='grc'>27</span> 
     </span>
    </p>
   </div>
   <div class='ocr_carea' id='block_1_9' title="bbox 0 0 1540 6450">
    <p class='ocr_par' dir='ltr' id='par_1_10' title="bbox 0 0 1540 6450">
     <span class='ocr_line' id='line_1_39' title="bbox 0 0 1540 6450; baseline 0 0"><span class='ocrx_word' id='word_1_370' title='bbox 0 0 1540 6450; x_wconf 95' lang='lat' dir='ltr'> </span> 
     </span>
    </p>
   </div>
  </div>
 </body>
</html>
