3067 6450
422 1218 441 1271 ι.
461 1217 643 1273 ceenemms
662 1217 707 1272 no
728 1216 802 1271 con.
822 1216 908 1270 mm.
928 1217 992 1271 xm.
1223 1223 1262 1287 8¹

147 1376 353 1453 manifestasti
376 1379 459 1440 mibi.
504 1377 642 1459 Asperpe
664 1399 711 1440 me
733 1400 816 1441 nenne
837 1382 995 1460 hyssopo,
1022 1388 1053 1440 et
1073 1380 1267 1452 mundabor;

148 1481 219 1544 loca
240 1500 305 1558 me,
338 1488 370 1542 el
389 1500 484 1559 super
506 1485 608 1544 minem
631 1483 814 1545 dealbabor.
860 1483 993 1544 Aeditui
1023 1501 1089 1544 mco
1117 1484 1160 1543 do
1187 1504 1267 1565 pou-

147 1588 283 1648 diuinet
306 1587 467 1663 laetitiam,
492 1595 521 1649 et
543 1587 730 1650 exultabunt
752 1607 827 1650 ossa
851 1606 919 1647 mea
941 1587 1115 1647 bumiliata.
1156 1587 1269 1648 Acerte

144 1689 259 1767 faciem
282 1700 366 1752 tuam
388 1711 409 1752 a
428 1693 569 1768 peccatis
590 1692 677 1768 meis,
702 1700 732 1752 ot
755 1711 859 1754 amnes
883 1691 1064 1769 iniquitates
1086 1710 1171 1753 meos
1192 1693 1268 1753 clete.

149 1794 210 1858 i'or
233 1797 381 1858 mundum
404 1815 477 1857 crea
500 1797 533 1857 in
553 1816 617 1872 me,
641 1796 744 1871 Deus,
769 1804 798 1856 et
820 1796 967 1872 spiritum
991 1792 1130 1857 ¹rectum
1152 1798 1271 1857 innooa

145 1901 177 1959 in
198 1897 376 1960 uisceribus
399 1901 484 1960 meis.
523 1900 569 1961 li'e
589 1901 745 1977 projicias
767 1919 815 1961 me
838 1920 858 1960 a
879 1899 964 1976 facie
988 1908 1052 1973 tua,
1076 1907 1105 1960 et
1126 1900 1271 1976 spiritum

146 2012 229 2064 tuum
251 2011 394 2065 sanatum
416 2022 455 2066 ne
477 2003 607 2080 auferas
630 2022 650 2065 a
672 2023 728 2065 me.
774 2004 881 2064 Redde
911 2004 986 2063 aiibi
1009 2004 1160 2065 laetitiam
1182 2003 1270 2063 salu-¹

146 2108 226 2167 toris
249 2108 306 2181 tui,
331 2114 360 2168 et
381 2109 508 2185 spiritu,
533 2109 587 2187 qui
612 2109 704 2170 carni
719 2110 861 2187 imperat,
884 2109 1034 2186 confirma
1050 2127 1104 2169 me.
1143 2105 1271 2169 Docebo

146 2212 270 2291 iniquos
300 2212 372 2274 aios
400 2220 491 2287 tuas,
526 2221 556 2273 et
584 2213 672 2291 impii
696 2213 738 2274 ael
761 2220 790 2273 te
813 2221 1041 2275 convertentur.
1087 2211 1203 2272 Libero
1227 2229 1272 2272 me

147 2316 182 2376 de
204 2315 424 2395 sanquinibus,
448 2316 545 2393 Deus,
569 2319 655 2379 Deus
677 2318 792 2379 salutis
815 2337 908 2379 meae.
953 2316 1143 2379 Decantabit
1165 2318 1273 2397 linpua

147 2439 213 2481 mea
230 2421 390 2498 justitium
412 2429 506 2483 tuum.
543 2421 689 2497 Domine,
714 2442 750 2484 os
773 2440 870 2482 meum
893 2422 1028 2498 aperies,
1053 2430 1082 2483 et
1101 2421 1187 2483 labia
1205 2440 1273 2482 mea

150 2523 380 2586 annuntiabunt
395 2525 519 2586 laudem
535 2533 627 2588 tuam.
667 2509 833 2602 Quoniam,
857 2528 887 2588 si
902 2527 1056 2589 voluisses
1070 2528 1271 2604 sacrificium,

150 2629 301 2691 dedissem
324 2630 449 2708 utique;
471 2631 529 2692 secl
552 2630 744 2693 holocaustis
769 2650 833 2692 non
855 2631 1033 2691 delectaris.
1077 2630 1274 2709 Sacrificium

151 2732 214 2794 lieo
235 2733 370 2811 spiritus
392 2732 641 2808 contribulatus,·
665 2755 722 2798 cor
742 2737 909 2798 contritum
930 2743 960 2795 ct
978 2735 1172 2796 humiliatum
1187 2735 1274 2797 Deus

152 2855 210 2899 non
234 2837 394 2917 despiciet.

261 3131 339 3194 XIX.
382 3132 469 3196 Haeo
491 3135 634 3214 exempla
656 3136 812 3197 imitantes
833 3154 942 3213 pacem
966 3154 1160 3214 quaeramus.

236 3253 351 3317 Talium
373 3256 465 3338 igilur
487 3263 517 3318 el
540 3263 704 3335 lentorum,
735 3257 785 3336 qui
814 3261 871 3317 tem
901 3254 1019 3332 clerum
1040 3256 1169 3337 elogium
1194 3273 1272 3317 con-

152 3357 245 3419 seculi
275 3364 363 3437 euml,
397 3356 575 3423 ²humilins
606 3368 635 3422 el
667 3379 723 3440 per
753 3356 953 3420 obedientiam
985 3354 1180 3438 ³subjeclio,
1212 3376 1272 3420 non

152 3463 262 3522 leolum
284 3479 359 3541 nos,
389 3463 443 3526 scd
475 3470 505 3526 el
534 3466 747 3548 generaliones
778 3466 847 3523 enle
876 3477 933 3522 nos
964 3459 1103 3521 meliores
1134 3460 1272 3538 reooioil,

152 3580 203 3626 eos
233 3582 362 3646 nempe,
396 3567 447 3646 qui
478 3567 507 3629 in
538 3568 644 3632 timore
676 3571 706 3627 el
738 3567 862 3627 verilole
894 3561 1124 3644 ⁴susceperuol
1155 3563 1272 3643 eloquio

152 3661 250 3748 ‘ejus
296 3662 426 3742 ⁶0unre
448 3671 605 3734 multorom
629 3687 866 3751 enegnorumque
890 3676 919 3729 et
941 3667 1096 3729 illuslrium
1119 3674 1273 3749 gestorum

153 3762 338 3853 'perlicipes
360 3772 446 3849 secli,
478 3794 667 3838 recurremus
690 3773 727 3835 od
751 3774 833 3854 pacis
856 3789 980 3852 scopum
1005 3769 1091 3832 nobis
1123 3772 1159 3831 ab
1190 3771 1273 3833 initio

152 3873 308 3954 liuditum,
337 3881 368 3937 el
390 3878 479 3940 lolius
501 3877 602 3941 niundi
625 3884 778 3960 parentem
801 3883 830 3938 el
853 3882 1019 3938 creatorem
1043 3874 1202 3957 diligenter
1224 3875 1274 3937 in·

152 3981 306 4056 tuamor,
334 3985 424 4060 etque
452 3981 529 4045 illius
559 3983 723 4066 magnificis
753 3990 783 4044 el
813 3980 1061 4062 exsuperanliboe
1084 3977 1170 4039 donis
1192 3978 1274 4059 pacis

153 4087 181 4142 et
202 4080 371 4144 beseleelis
393 4084 515 4147 bemiler
537 4081 783 4150 ³olheereemus.
830 4084 1017 4166 Cogilolione
1040 4082 1275 4162 contemplemur

154 4203 236 4264 eum,
270 4191 299 4247 el
329 4188 436 4250 mentis
467 4190 563 4253 ocutis
586 4189 784 4271 longanimem
809 4189 874 4268 ejus
898 4186 1078 4248 volunlatem
1101 4186 1274 4247 intueamur.

155 4288 332 4367 Videamus,
364 4298 550 4373 quenlopere
583 4289 786 4356 ⁹clemenlem
817 4310 852 4353 se
881 4290 1024 4370 praebent
1054 4307 1127 4370 erge
1158 4306 1274 4352 omnem

156 4397 321 4455 mentorem
344 4409 438 4455 susm.

189 4600 217 4665 5)
237 4598 281 4652 80.
304 4599 375 4650 Θεοῦ.
764 4600 793 4663 8)
813 4599 953 4651 Tenesmus
968 4614 1057 4665 pacem
1073 4613 1154 4665 seque
1170 4597 1275 4660 firmem,

189 4686 219 4755 b)
237 4686 289 4740 cn.
308 4685 387 4739 Hebe.
410 4685 450 4750 ¹2,
471 4685 494 4736 1.
731 4701 760 4735 nc
779 4700 810 4735 ee
828 4686 852 4734 in
873 4700 956 4736 recum
975 4693 1063 4735 netum
1082 4691 1192 4734 tenetur.

190 4772 218 4836 i)
236 4771 378 4839 Pesticlpee
395 4769 503 4836 πράξεων
520 4785 621 4833 numus,
643 4771 701 4838 quis
765 4770 793 4832 9)
812 4770 972 4821 llermoniom
996 4768 1080 4819 mundi
1103 4768 1140 4833 (c.
1160 4767 1206 4829 20)
1232 4767 1274 4815 in-

162 4871 242 4912 mmm
251 4859 400 4912 memorium
408 4855 481 4909 nobis
490 4856 574 4923 prodit
583 4855 607 4907 S.
615 4857 702 4923 Scrip-
729 4858 845 4922 stilueoe,
865 4856 1016 4907 clementem
1035 4870 1063 4903 se
1082 4853 1187 4919 praebet
1207 4850 1276 4902 Deus

162 4948 218 4996 lem.
245 4949 341 4998 Divis.
731 4959 794 5011 erge
811 4958 912 4993 omnem
932 4947 1081 4992 creaturam.
1262 4955 1285 4996 ο

208 5131 402 5186 suu-nem.
417 5133 452 5173 m.
1049 5099 1070 5166 6
1196 5109 1204 5131 ’
1245 5127 1396 5309 e
