<?xml version="1.0" encoding="UTF-8"?>
<!DOCTYPE html PUBLIC "-//W3C//DTD XHTML 1.0 Transitional//EN"
    "http://www.w3.org/TR/xhtml1/DTD/xhtml1-transitional.dtd">
<html xmlns="http://www.w3.org/1999/xhtml" xml:lang="en" lang="en">
 <head>
  <title>
</title>
<meta http-equiv="Content-Type" content="text/html;charset=utf-8" />
  <meta name='ocr-system' content='tesseract 3.04.00' />
  <meta name='ocr-capabilities' content='ocr_page ocr_carea ocr_par ocr_line ocrx_word'/>
</head>
<body>
  <div class='ocr_page' id='page_1' title='image "./patrumapostolic01hefegoog_0533.png"; bbox 0 0 3067 6450; ppageno 0'>
   <div class='ocr_carea' id='block_1_1' title="bbox 413 1145 1326 1224">
    <p class='ocr_par' dir='ltr' id='par_1_1' title="bbox 413 1145 1326 1224">
     <span class='ocr_line' id='line_1_1' title="bbox 413 1145 1326 1224; baseline 0.014 -24"><span class='ocrx_word' id='word_1_1' title='bbox 413 1145 552 1201; x_wconf 71' lang='lat' dir='ltr'><strong>Bithunia</strong></span> <span class='ocrx_word' id='word_1_2' title='bbox 570 1145 707 1200; x_wconf 78' lang='lat' dir='ltr'><strong>PASTOR.</strong></span> <span class='ocrx_word' id='word_1_3' title='bbox 743 1146 841 1201; x_wconf 78' lang='lat' dir='ltr'><strong>tlssltlt</strong></span> <span class='ocrx_word' id='word_1_4' title='bbox 858 1148 900 1203; x_wconf 84' lang='lat' dir='ltr'><strong>tlt.</strong></span> <span class='ocrx_word' id='word_1_5' title='bbox 935 1149 1118 1209; x_wconf 65' lang='lat' dir='ltr'><strong>subbullit</strong></span> <span class='ocrx_word' id='word_1_6' title='bbox 1265 1159 1326 1224; x_wconf 76' lang='lat'><strong>391</strong></span> 
     </span>
    </p>
   </div>
   <div class='ocr_carea' id='block_1_2' title="bbox 199 1307 1377 4217">
    <p class='ocr_par' dir='ltr' id='par_1_2' title="bbox 199 1307 1377 4217">
     <span class='ocr_line' id='line_1_2' title="bbox 201 1307 1331 1399; baseline 0.009 -27"><span class='ocrx_word' id='word_1_7' title='bbox 201 1309 289 1372; x_wconf 89' lang='lat' dir='ltr'><strong>vivet</strong></span> <span class='ocrx_word' id='word_1_8' title='bbox 313 1307 408 1372; x_wconf 85' lang='lat' dir='ltr'><strong>Deo.“</strong></span> <span class='ocrx_word' id='word_1_9' title='bbox 455 1307 529 1371; x_wconf 89' lang='lat' dir='ltr'><strong>Dum</strong></span> <span class='ocrx_word' id='word_1_10' title='bbox 553 1308 628 1372; x_wconf 91' lang='lat' dir='ltr'><strong>haec</strong></span> <span class='ocrx_word' id='word_1_11' title='bbox 649 1309 792 1390; x_wconf 83' lang='lat' dir='ltr'>loquerer</span> <span class='ocrx_word' id='word_1_12' title='bbox 814 1330 947 1391; x_wconf 87' lang='lat' dir='ltr'><strong>mecum,</strong></span> <span class='ocrx_word' id='word_1_13' title='bbox 969 1311 1059 1375; x_wconf 90' lang='lat' dir='ltr'><strong>video</strong></span> <span class='ocrx_word' id='word_1_14' title='bbox 1083 1333 1166 1393; x_wconf 90' lang='lat' dir='ltr'><strong>eum,</strong></span> <span class='ocrx_word' id='word_1_15' title='bbox 1189 1336 1276 1399; x_wconf 84' lang='lat' dir='ltr'><strong>quem</strong></span> <span class='ocrx_word' id='word_1_16' title='bbox 1300 1325 1331 1382; x_wconf 91' lang='lat' dir='ltr'><strong>et</strong></span> 
     </span>
     <span class='ocr_line' id='line_1_3' title="bbox 202 1413 1329 1499; baseline 0.006 -22"><span class='ocrx_word' id='word_1_17' title='bbox 202 1416 298 1498; x_wconf 92' lang='lat' dir='ltr'><strong>prius,</strong></span> <span class='ocrx_word' id='word_1_18' title='bbox 322 1413 477 1477; x_wconf 89' lang='lat' dir='ltr'><strong>sedentem</strong></span> <span class='ocrx_word' id='word_1_19' title='bbox 496 1415 581 1496; x_wconf 78' lang='lat' dir='ltr'><strong>Juxta</strong></span> <span class='ocrx_word' id='word_1_20' title='bbox 604 1433 662 1492; x_wconf 91' lang='lat' dir='ltr'><strong>me,</strong></span> <span class='ocrx_word' id='word_1_21' title='bbox 686 1421 716 1476; x_wconf 87' lang='lat' dir='ltr'><strong>et</strong></span> <span class='ocrx_word' id='word_1_22' title='bbox 739 1414 814 1477; x_wconf 89' lang='lat' dir='ltr'><strong>haec</strong></span> <span class='ocrx_word' id='word_1_23' title='bbox 830 1417 898 1478; x_wconf 91' lang='lat' dir='ltr'><strong>mihi</strong></span> <span class='ocrx_word' id='word_1_24' title='bbox 915 1416 1078 1480; x_wconf 90' lang='lat' dir='ltr'><strong>dicentem:</strong></span> <span class='ocrx_word' id='word_1_25' title='bbox 1105 1420 1194 1499; x_wconf 84' lang='lat' dir='ltr'><strong>,quid</strong></span> <span class='ocrx_word' id='word_1_26' title='bbox 1215 1420 1329 1486; x_wconf 90' lang='lat' dir='ltr'><strong>dubitas</strong></span> 
     </span>
     <span class='ocr_line' id='line_1_4' title="bbox 203 1518 1329 1602; baseline 0.006 -21"><span class='ocrx_word' id='word_1_27' title='bbox 203 1519 243 1582; x_wconf 97' lang='lat' dir='ltr'><strong>de</strong></span> <span class='ocrx_word' id='word_1_28' title='bbox 265 1518 411 1581; x_wconf 88' lang='lat' dir='ltr'><strong>mandalis</strong></span> <span class='ocrx_word' id='word_1_29' title='bbox 434 1520 518 1596; x_wconf 87' lang='lat' dir='ltr'><strong>meis,</strong></span> <span class='ocrx_word' id='word_1_30' title='bbox 542 1537 620 1598; x_wconf 88' lang='lat' dir='ltr'><strong>quae</strong></span> <span class='ocrx_word' id='word_1_31' title='bbox 643 1518 693 1580; x_wconf 90' lang='lat' dir='ltr'><strong>tibi</strong></span> <span class='ocrx_word' id='word_1_32' title='bbox 717 1521 882 1602; x_wconf 81' lang='lat' dir='ltr'><strong>praecepi?</strong></span> <span class='ocrx_word' id='word_1_33' title='bbox 920 1520 1001 1584; x_wconf 89' lang='lat' dir='ltr'><strong>Bona</strong></span> <span class='ocrx_word' id='word_1_34' title='bbox 1022 1531 1099 1600; x_wconf 90' lang='lat' dir='ltr'><strong>sunt,</strong></span> <span class='ocrx_word' id='word_1_35' title='bbox 1124 1524 1329 1588; x_wconf 90' lang='lat' dir='ltr'><strong>nihilomnino</strong></span> 
     </span>
     <span class='ocr_line' id='line_1_5' title="bbox 203 1623 1330 1712; baseline 0.004 -24"><span class='ocrx_word' id='word_1_36' title='bbox 203 1625 387 1688; x_wconf 88' lang='lat' dir='ltr'><strong>dubitaveris</strong></span> <span class='ocrx_word' id='word_1_37' title='bbox 396 1644 406 1700; x_wconf 89' lang='lat'>;</span> <span class='ocrx_word' id='word_1_38' title='bbox 430 1623 484 1687; x_wconf 90' lang='lat' dir='ltr'><strong>sed</strong></span> <span class='ocrx_word' id='word_1_39' title='bbox 508 1624 597 1686; x_wconf 91' lang='lat' dir='ltr'><strong>indue</strong></span> <span class='ocrx_word' id='word_1_40' title='bbox 621 1624 708 1686; x_wconf 83' lang='lat' dir='ltr'><strong>fidem</strong></span> <span class='ocrx_word' id='word_1_41' title='bbox 733 1623 858 1702; x_wconf 85' lang='lat' dir='ltr'>Domini,</span> <span class='ocrx_word' id='word_1_42' title='bbox 882 1630 911 1687; x_wconf 93' lang='lat' dir='ltr'><strong>et</strong></span> <span class='ocrx_word' id='word_1_43' title='bbox 931 1626 1092 1688; x_wconf 79' lang='lat' dir='ltr'><strong>ambulabis</strong></span> <span class='ocrx_word' id='word_1_44' title='bbox 1113 1628 1142 1691; x_wconf 92' lang='lat' dir='ltr'><strong>in</strong></span> <span class='ocrx_word' id='word_1_45' title='bbox 1166 1629 1220 1690; x_wconf 90' lang='lat' dir='ltr'><strong>eis.</strong></span> <span class='ocrx_word' id='word_1_46' title='bbox 1264 1628 1330 1712; x_wconf 83' lang='lat' dir='ltr'><strong>Ego</strong></span> 
     </span>
     <span class='ocr_line' id='line_1_6' title="bbox 203 1727 1331 1814; baseline 0.006 -23"><span class='ocrx_word' id='word_1_47' title='bbox 203 1729 335 1792; x_wconf 90' lang='lat' dir='ltr'><strong>enimin</strong></span> <span class='ocrx_word' id='word_1_48' title='bbox 359 1729 417 1790; x_wconf 94' lang='lat' dir='ltr'><strong>illis</strong></span> <span class='ocrx_word' id='word_1_49' title='bbox 439 1727 516 1790; x_wconf 91' lang='lat' dir='ltr'><strong>dabo</strong></span> <span class='ocrx_word' id='word_1_50' title='bbox 540 1729 589 1791; x_wconf 88' lang='lat' dir='ltr'><strong>libi</strong></span> <span class='ocrx_word' id='word_1_51' title='bbox 614 1731 702 1792; x_wconf 92' lang='lat' dir='ltr'><strong>vires.</strong></span> <span class='ocrx_word' id='word_1_52' title='bbox 748 1729 831 1792; x_wconf 88' lang='lat' dir='ltr'><strong>llaec</strong></span> <span class='ocrx_word' id='word_1_53' title='bbox 853 1730 987 1792; x_wconf 89' lang='lat' dir='ltr'><strong>mandata</strong></span> <span class='ocrx_word' id='word_1_54' title='bbox 1011 1732 1091 1794; x_wconf 92' lang='lat' dir='ltr'><strong>utilia</strong></span> <span class='ocrx_word' id='word_1_55' title='bbox 1114 1739 1183 1795; x_wconf 91' lang='lat' dir='ltr'><strong>sunt</strong></span> <span class='ocrx_word' id='word_1_56' title='bbox 1202 1734 1256 1813; x_wconf 90' lang='lat' dir='ltr'><strong>his,</strong></span> <span class='ocrx_word' id='word_1_57' title='bbox 1280 1735 1331 1814; x_wconf 88' lang='lat' dir='ltr'><strong>qui</strong></span> 
     </span>
     <span class='ocr_line' id='line_1_7' title="bbox 203 1832 1330 1918; baseline 0.004 -22"><span class='ocrx_word' id='word_1_58' title='bbox 203 1834 380 1897; x_wconf 88' lang='lat' dir='ltr'><strong>delictorum</strong></span> <span class='ocrx_word' id='word_1_59' title='bbox 408 1851 530 1895; x_wconf 90' lang='lat' dir='ltr'><strong>suorum</strong></span> <span class='ocrx_word' id='word_1_60' title='bbox 561 1839 628 1895; x_wconf 91' lang='lat' dir='ltr'><strong>ante</strong></span> <span class='ocrx_word' id='word_1_61' title='bbox 656 1832 853 1896; x_wconf 80' lang='lat' dir='ltr'><strong>admissorum</strong></span> <span class='ocrx_word' id='word_1_62' title='bbox 885 1836 978 1897; x_wconf 87' lang='lat' dir='ltr'><strong>acturi</strong></span> <span class='ocrx_word' id='word_1_63' title='bbox 1008 1842 1077 1898; x_wconf 92' lang='lat' dir='ltr'><strong>sunt</strong></span> <span class='ocrx_word' id='word_1_64' title='bbox 1107 1839 1330 1918; x_wconf 86' lang='lat' dir='ltr'><strong>poenilenliam,</strong></span> 
     </span>
     <span class='ocr_line' id='line_1_8' title="bbox 202 1936 1329 2023; baseline 0.005 -24"><span class='ocrx_word' id='word_1_65' title='bbox 202 1938 228 2000; x_wconf 90' lang='lat' dir='ltr'><strong>si</strong></span> <span class='ocrx_word' id='word_1_66' title='bbox 262 1939 293 1999; x_wconf 95' lang='lat' dir='ltr'><strong>in</strong></span> <span class='ocrx_word' id='word_1_67' title='bbox 328 1936 457 2000; x_wconf 90' lang='lat' dir='ltr'><strong>luturum</strong></span> <span class='ocrx_word' id='word_1_68' title='bbox 492 1937 521 1998; x_wconf 91' lang='lat' dir='ltr'><strong>in</strong></span> <span class='ocrx_word' id='word_1_69' title='bbox 556 1937 592 1998; x_wconf 90' lang='lat' dir='ltr'><strong>iis</strong></span> <span class='ocrx_word' id='word_1_70' title='bbox 625 1937 848 2000; x_wconf 78' lang='lat' dir='ltr'><strong>ambulaverint.</strong></span> <span class='ocrx_word' id='word_1_71' title='bbox 902 1940 1085 2020; x_wconf 77' lang='lat' dir='ltr'><strong>Quicumque</strong></span> <span class='ocrx_word' id='word_1_72' title='bbox 1119 1941 1208 2023; x_wconf 83' lang='lat' dir='ltr'><strong>igilur</strong></span> <span class='ocrx_word' id='word_1_73' title='bbox 1242 1943 1329 2023; x_wconf 84' lang='lat' dir='ltr'><strong>agitis</strong></span> 
     </span>
     <span class='ocr_line' id='line_1_9' title="bbox 202 2043 1331 2127; baseline 0.001 -20"><span class='ocrx_word' id='word_1_74' title='bbox 202 2045 435 2126; x_wconf 87' lang='lat' dir='ltr'><strong>poenitentiam,</strong></span> <span class='ocrx_word' id='word_1_75' title='bbox 468 2044 587 2126; x_wconf 88' lang='lat' dir='ltr'><strong>abjicite</strong></span> <span class='ocrx_word' id='word_1_76' title='bbox 616 2063 633 2106; x_wconf 92' lang='lat' dir='ltr'><strong>a</strong></span> <span class='ocrx_word' id='word_1_77' title='bbox 663 2046 748 2106; x_wconf 91' lang='lat' dir='ltr'><strong>vobis</strong></span> <span class='ocrx_word' id='word_1_78' title='bbox 774 2045 932 2125; x_wconf 71' lang='lat' dir='ltr'><strong>nequitiam</strong></span> <span class='ocrx_word' id='word_1_79' title='bbox 954 2044 1041 2127; x_wconf 88' lang='lat' dir='ltr'><strong>hujus</strong></span> <span class='ocrx_word' id='word_1_80' title='bbox 1068 2045 1171 2107; x_wconf 89' lang='lat' dir='ltr'><strong>seculi.</strong></span> <span class='ocrx_word' id='word_1_81' title='bbox 1214 2043 1331 2108; x_wconf 90' lang='lat' dir='ltr'><strong>lnduite</strong></span> 
     </span>
     <span class='ocr_line' id='line_1_10' title="bbox 203 2147 1330 2229; baseline -0.001 -19"><span class='ocrx_word' id='word_1_82' title='bbox 203 2165 279 2210; x_wconf 92' lang='lat' dir='ltr'><strong>vero</strong></span> <span class='ocrx_word' id='word_1_83' title='bbox 303 2164 421 2210; x_wconf 90' lang='lat' dir='ltr'><strong>omnem</strong></span> <span class='ocrx_word' id='word_1_84' title='bbox 445 2148 583 2210; x_wconf 90' lang='lat' dir='ltr'><strong>virtutem</strong></span> <span class='ocrx_word' id='word_1_85' title='bbox 606 2156 636 2211; x_wconf 92' lang='lat' dir='ltr'><strong>et</strong></span> <span class='ocrx_word' id='word_1_86' title='bbox 658 2150 846 2229; x_wconf 86' lang='lat' dir='ltr'><strong>aequitatem,</strong></span> <span class='ocrx_word' id='word_1_87' title='bbox 871 2155 900 2211; x_wconf 90' lang='lat' dir='ltr'><strong>et</strong></span> <span class='ocrx_word' id='word_1_88' title='bbox 922 2150 1058 2228; x_wconf 89' lang='lat' dir='ltr'><strong>poteritis</strong></span> <span class='ocrx_word' id='word_1_89' title='bbox 1081 2147 1233 2211; x_wconf 90' lang='lat' dir='ltr'><strong>custodire</strong></span> <span class='ocrx_word' id='word_1_90' title='bbox 1254 2148 1330 2210; x_wconf 90' lang='lat' dir='ltr'><strong>haec</strong></span> 
     </span>
     <span class='ocr_line' id='line_1_11' title="bbox 202 2251 1329 2334; baseline 0.002 -22"><span class='ocrx_word' id='word_1_91' title='bbox 202 2251 358 2327; x_wconf 79' lang='lat' dir='ltr'><strong>mandata3</strong></span> <span class='ocrx_word' id='word_1_92' title='bbox 396 2270 497 2333; x_wconf 86' lang='lat' dir='ltr'><strong>neque</strong></span> <span class='ocrx_word' id='word_1_93' title='bbox 535 2251 676 2334; x_wconf 83' lang='lat' dir='ltr'><strong>deinceps</strong></span> <span class='ocrx_word' id='word_1_94' title='bbox 716 2253 859 2333; x_wconf 79' lang='lat' dir='ltr'><strong>peccetis.</strong></span> <span class='ocrx_word' id='word_1_95' title='bbox 915 2252 946 2316; x_wconf 82' lang='lat' dir='ltr'><strong>st</strong></span> <span class='ocrx_word' id='word_1_96' title='bbox 980 2253 1058 2315; x_wconf 90' lang='lat' dir='ltr'><strong>enim</strong></span> <span class='ocrx_word' id='word_1_97' title='bbox 1093 2252 1235 2332; x_wconf 83' lang='lat' dir='ltr'><strong>deinceps</strong></span> <span class='ocrx_word' id='word_1_98' title='bbox 1268 2269 1329 2315; x_wconf 89' lang='lat' dir='ltr'><strong>noo</strong></span> 
     </span>
     <span class='ocr_line' id='line_1_12' title="bbox 202 2356 1377 2438; baseline 0.002 -21"><span class='ocrx_word' id='word_1_99' title='bbox 202 2356 413 2437; x_wconf 85' lang='lat' dir='ltr'><strong>peccaveritis,</strong></span> <span class='ocrx_word' id='word_1_100' title='bbox 436 2357 592 2438; x_wconf 90' lang='lat' dir='ltr'><strong>plurimum</strong></span> <span class='ocrx_word' id='word_1_101' title='bbox 615 2374 654 2419; x_wconf 87' lang='lat' dir='ltr'><strong>ex</strong></span> <span class='ocrx_word' id='word_1_102' title='bbox 676 2357 828 2437; x_wconf 75' lang='lat' dir='ltr'><strong>princibus</strong></span> <span class='ocrx_word' id='word_1_103' title='bbox 851 2356 1000 2419; x_wconf 89' lang='lat' dir='ltr'><strong>recidetis.</strong></span> <span class='ocrx_word' id='word_1_104' title='bbox 1042 2356 1074 2420; x_wconf 93' lang='lat' dir='ltr'><strong>ln</strong></span> <span class='ocrx_word' id='word_1_105' title='bbox 1094 2357 1235 2419; x_wconf 84' lang='lat' dir='ltr'><strong>nrandalis</strong></span> <span class='ocrx_word' id='word_1_106' title='bbox 1255 2357 1329 2419; x_wconf 88' lang='lat' dir='ltr'><strong>meis</strong></span> <span class='ocrx_word' id='word_1_107' title='bbox 1375 2398 1377 2403; x_wconf 79' lang='lat'><strong>.</strong></span> 
     </span>
     <span class='ocr_line' id='line_1_13' title="bbox 202 2459 1329 2538; baseline 0 -16"><span class='ocrx_word' id='word_1_108' title='bbox 202 2459 363 2538; x_wconf 89' lang='lat' dir='ltr'><strong>ambulate,</strong></span> <span class='ocrx_word' id='word_1_109' title='bbox 386 2467 416 2522; x_wconf 90' lang='lat' dir='ltr'><strong>et</strong></span> <span class='ocrx_word' id='word_1_110' title='bbox 439 2460 545 2523; x_wconf 86' lang='lat' dir='ltr'><strong>vivetis</strong></span> <span class='ocrx_word' id='word_1_111' title='bbox 563 2460 635 2523; x_wconf 89' lang='lat' dir='ltr'><strong>Deo.</strong></span> <span class='ocrx_word' id='word_1_112' title='bbox 679 2459 759 2522; x_wconf 91' lang='lat' dir='ltr'><strong>llaec</strong></span> <span class='ocrx_word' id='word_1_113' title='bbox 782 2479 799 2521; x_wconf 92' lang='lat' dir='ltr'><strong>a</strong></span> <span class='ocrx_word' id='word_1_114' title='bbox 823 2479 870 2523; x_wconf 92' lang='lat' dir='ltr'><strong>me</strong></span> <span class='ocrx_word' id='word_1_115' title='bbox 893 2461 968 2523; x_wconf 88' lang='lat' dir='ltr'><strong>dicta</strong></span> <span class='ocrx_word' id='word_1_116' title='bbox 991 2468 1060 2523; x_wconf 93' lang='lat' dir='ltr'><strong>sunt</strong></span> <span class='ocrx_word' id='word_1_117' title='bbox 1083 2461 1199 2523; x_wconf 85' lang='lat' dir='ltr'><strong>vobis.“</strong></span> <span class='ocrx_word' id='word_1_118' title='bbox 1240 2461 1329 2523; x_wconf 84' lang='lat' dir='ltr'><strong>Post-</strong></span> 
     </span>
     <span class='ocr_line' id='line_1_14' title="bbox 202 2563 1329 2648; baseline 0.001 -22"><span class='ocrx_word' id='word_1_119' title='bbox 202 2581 293 2644; x_wconf 87' lang='lat' dir='ltr'><strong>quam</strong></span> <span class='ocrx_word' id='word_1_120' title='bbox 316 2563 391 2627; x_wconf 88' lang='lat' dir='ltr'><strong>haec</strong></span> <span class='ocrx_word' id='word_1_121' title='bbox 414 2583 528 2627; x_wconf 91' lang='lat' dir='ltr'><strong>mecum</strong></span> <span class='ocrx_word' id='word_1_122' title='bbox 552 2565 670 2627; x_wconf 90' lang='lat' dir='ltr'><strong>locutus</strong></span> <span class='ocrx_word' id='word_1_123' title='bbox 694 2571 756 2642; x_wconf 89' lang='lat' dir='ltr'><strong>est,</strong></span> <span class='ocrx_word' id='word_1_124' title='bbox 779 2565 819 2626; x_wconf 91' lang='lat' dir='ltr'><strong>ait</strong></span> <span class='ocrx_word' id='word_1_125' title='bbox 841 2565 927 2627; x_wconf 87' lang='lat' dir='ltr'><strong>mihi:</strong></span> <span class='ocrx_word' id='word_1_126' title='bbox 957 2582 1078 2643; x_wconf 86' lang='lat' dir='ltr'><strong>,eamus</strong></span> <span class='ocrx_word' id='word_1_127' title='bbox 1102 2566 1130 2626; x_wconf 91' lang='lat' dir='ltr'><strong>in</strong></span> <span class='ocrx_word' id='word_1_128' title='bbox 1155 2583 1275 2648; x_wconf 79' lang='lat' dir='ltr'><strong>agrum,</strong></span> <span class='ocrx_word' id='word_1_129' title='bbox 1298 2571 1329 2627; x_wconf 89' lang='lat' dir='ltr'><strong>et</strong></span> 
     </span>
     <span class='ocr_line' id='line_1_15' title="bbox 206 2656 1327 2751; baseline -0.001 -21"><span class='ocrx_word' id='word_1_130' title='bbox 206 2666 367 2750; x_wconf 89' lang='lat' dir='ltr'><strong>¹pastores</strong></span> <span class='ocrx_word' id='word_1_131' title='bbox 384 2687 527 2751; x_wconf 88' lang='lat' dir='ltr'><strong>pecorum</strong></span> <span class='ocrx_word' id='word_1_132' title='bbox 544 2669 594 2731; x_wconf 88' lang='lat' dir='ltr'><strong>tibi</strong></span> <span class='ocrx_word' id='word_1_133' title='bbox 611 2669 797 2731; x_wconf 84' lang='lat' dir='ltr'><strong>ostendam.“</strong></span> <span class='ocrx_word' id='word_1_134' title='bbox 839 2656 996 2749; x_wconf 87' lang='lat' dir='ltr'><strong>„Eamus,“</strong></span> <span class='ocrx_word' id='word_1_135' title='bbox 1014 2670 1142 2751; x_wconf 88' lang='lat' dir='ltr'><strong>inquam,</strong></span> <span class='ocrx_word' id='word_1_136' title='bbox 1160 2667 1327 2748; x_wconf 82' lang='lat' dir='ltr'><strong>,domine.“</strong></span> 
     </span>
     <span class='ocr_line' id='line_1_16' title="bbox 246 2758 1330 2854; baseline -0.002 -19"><span class='ocrx_word' id='word_1_137' title='bbox 246 2758 405 2835; x_wconf 68' lang='grc' dir='ltr'><strong><em>’Ἦλθον</em></strong></span> <span class='ocrx_word' id='word_1_138' title='bbox 440 2767 487 2847; x_wconf 84' lang='grc' dir='ltr'><strong>εἰς</strong></span> <span class='ocrx_word' id='word_1_139' title='bbox 523 2767 655 2848; x_wconf 80' lang='grc' dir='ltr'><strong><em>πεδίον,</em></strong></span> <span class='ocrx_word' id='word_1_140' title='bbox 701 2766 753 2835; x_wconf 86' lang='grc' dir='ltr'><strong>καί</strong></span> <span class='ocrx_word' id='word_1_141' title='bbox 824 2770 883 2835; x_wconf 76' lang='lat'><strong>²131</strong></span> <span class='ocrx_word' id='word_1_142' title='bbox 893 2775 1027 2837; x_wconf 89' lang='lat' dir='ltr'><strong>venimus</strong></span> <span class='ocrx_word' id='word_1_143' title='bbox 1039 2774 1067 2835; x_wconf 91' lang='lat' dir='ltr'><strong>in</strong></span> <span class='ocrx_word' id='word_1_144' title='bbox 1078 2766 1233 2854; x_wconf 84' lang='lat' dir='ltr'><strong>quemdam</strong></span> <span class='ocrx_word' id='word_1_145' title='bbox 1245 2790 1330 2834; x_wconf 90' lang='lat' dir='ltr'><strong>cam-</strong></span> 
     </span>
     <span class='ocr_line' id='line_1_17' title="bbox 202 2869 1329 2962; baseline 0 -25"><span class='ocrx_word' id='word_1_146' title='bbox 202 2869 357 2960; x_wconf 83' lang='grc' dir='ltr'><strong><em>[δείκνυσί</em></strong></span> <span class='ocrx_word' id='word_1_147' title='bbox 376 2874 449 2962; x_wconf 86' lang='grc' dir='ltr'><strong><em>μοι]</em></strong></span> <span class='ocrx_word' id='word_1_148' title='bbox 473 2874 575 2940; x_wconf 81' lang='grc' dir='ltr'><strong><em>παῖδα</em></strong></span> <span class='ocrx_word' id='word_1_149' title='bbox 599 2870 754 2940; x_wconf 75' lang='grc' dir='ltr'><strong><em>νεανίσκον</em></strong></span> <span class='ocrx_word' id='word_1_150' title='bbox 780 2896 867 2959; x_wconf 85' lang='lat' dir='ltr'><strong>pum;</strong></span> <span class='ocrx_word' id='word_1_151' title='bbox 896 2885 925 2941; x_wconf 89' lang='lat' dir='ltr'><strong>et</strong></span> <span class='ocrx_word' id='word_1_152' title='bbox 947 2879 1006 2942; x_wconf 91' lang='lat' dir='ltr'><strong>illic</strong></span> <span class='ocrx_word' id='word_1_153' title='bbox 1028 2877 1160 2941; x_wconf 90' lang='lat' dir='ltr'><strong>ostendit</strong></span> <span class='ocrx_word' id='word_1_154' title='bbox 1186 2877 1255 2939; x_wconf 92' lang='lat' dir='ltr'><strong>mihi</strong></span> <span class='ocrx_word' id='word_1_155' title='bbox 1273 2877 1329 2959; x_wconf 87' lang='lat' dir='ltr'><strong>ju-</strong></span> 
     </span>
     <span class='ocr_line' id='line_1_18' title="bbox 199 2970 1329 3064; baseline -0.004 -19"><span class='ocrx_word' id='word_1_156' title='bbox 199 2975 405 3062; x_wconf 76' lang='grc' dir='ltr'><strong><em>ἐνδεδυμένον</em></strong></span> <span class='ocrx_word' id='word_1_157' title='bbox 428 2970 601 3045; x_wconf 65' lang='grc' dir='ltr'><strong><em>ὀὑνθεστν</em></strong></span> <span class='ocrx_word' id='word_1_158' title='bbox 621 2970 754 3061; x_wconf 83' lang='grc' dir='ltr'><strong><em>ἐνδομοί-</em></strong></span> <span class='ocrx_word' id='word_1_159' title='bbox 781 3000 887 3045; x_wconf 91' lang='lat' dir='ltr'><strong>venem</strong></span> <span class='ocrx_word' id='word_1_160' title='bbox 900 2989 1061 3064; x_wconf 85' lang='lat' dir='ltr'><strong>pastorem,</strong></span> <span class='ocrx_word' id='word_1_161' title='bbox 1076 2982 1212 3044; x_wconf 90' lang='lat' dir='ltr'><strong>vestitum</strong></span> <span class='ocrx_word' id='word_1_162' title='bbox 1230 2978 1329 3061; x_wconf 71' lang='grc' dir='ltr'><strong>ὀγσ-Ι</strong></span> 
     </span>
     <span class='ocr_line' id='line_1_19' title="bbox 200 3075 1329 3171; baseline -0.004 -24"><span class='ocrx_word' id='word_1_163' title='bbox 200 3105 268 3147; x_wconf 88' lang='grc' dir='ltr'><strong><em>των</em></strong></span> <span class='ocrx_word' id='word_1_164' title='bbox 289 3081 460 3171; x_wconf 82' lang='grc' dir='ltr'><strong><em>κροκαίων,</em></strong></span> <span class='ocrx_word' id='word_1_165' title='bbox 491 3076 646 3164; x_wconf 82' lang='grc' dir='ltr'><strong><em>βόσκοντα</em></strong></span> <span class='ocrx_word' id='word_1_166' title='bbox 671 3075 753 3171; x_wconf 77' lang='grc' dir='ltr'><strong><em>στρό-</em></strong></span> <span class='ocrx_word' id='word_1_167' title='bbox 782 3086 886 3148; x_wconf 88' lang='lat' dir='ltr'><strong>thesim</strong></span> <span class='ocrx_word' id='word_1_168' title='bbox 932 3086 1174 3147; x_wconf 89' lang='lat' dir='ltr'><strong>vestimentorum</strong></span> <span class='ocrx_word' id='word_1_169' title='bbox 1225 3082 1329 3144; x_wconf 88' lang='lat' dir='ltr'><strong>colore</strong></span> 
     </span>
     <span class='ocr_line' id='line_1_20' title="bbox 202 3178 1330 3276; baseline -0.008 -22"><span class='ocrx_word' id='word_1_170' title='bbox 202 3189 291 3270; x_wconf 81' lang='grc' dir='ltr'><strong><em>βατα</em></strong></span> <span class='ocrx_word' id='word_1_171' title='bbox 313 3186 418 3254; x_wconf 77' lang='lat' dir='ltr'><strong>nol-ld</strong></span> <span class='ocrx_word' id='word_1_172' title='bbox 439 3184 526 3253; x_wconf 79' lang='grc' dir='ltr'><strong><em>ίίαν·</em></strong></span> <span class='ocrx_word' id='word_1_173' title='bbox 546 3185 598 3254; x_wconf 85' lang='grc' dir='ltr'><strong>καί</strong></span> <span class='ocrx_word' id='word_1_174' title='bbox 614 3181 656 3253; x_wconf 82' lang='grc' dir='ltr'><strong>τοί</strong></span> <span class='ocrx_word' id='word_1_175' title='bbox 671 3178 754 3276; x_wconf 82' lang='grc' dir='ltr'><strong><em>πρό·</em></strong></span> <span class='ocrx_word' id='word_1_176' title='bbox 782 3190 934 3253; x_wconf 88' lang='lat' dir='ltr'><strong>coccineo.</strong></span> <span class='ocrx_word' id='word_1_177' title='bbox 959 3187 1330 3266; x_wconf 84' lang='lat' dir='ltr'><strong>Pascebatautempecora</strong></span> 
     </span>
     <span class='ocr_line' id='line_1_21' title="bbox 203 3281 1329 3380; baseline -0.004 -24"><span class='ocrx_word' id='word_1_178' title='bbox 203 3294 291 3374; x_wconf 84' lang='grc' dir='ltr'><strong><em>βατα</em></strong></span> <span class='ocrx_word' id='word_1_179' title='bbox 312 3294 412 3358; x_wconf 85' lang='grc' dir='ltr'><strong><em>ταῦτα</em></strong></span> <span class='ocrx_word' id='word_1_180' title='bbox 433 3281 470 3377; x_wconf 76' lang='grc' dir='ltr'><strong><em>ἦν</em></strong></span> <span class='ocrx_word' id='word_1_181' title='bbox 493 3284 569 3359; x_wconf 78' lang='lat' dir='ltr'><strong>adusi</strong></span> <span class='ocrx_word' id='word_1_182' title='bbox 586 3294 756 3380; x_wconf 80' lang='grc' dir='ltr'><strong><em>τρυφῶντα</em></strong></span> <span class='ocrx_word' id='word_1_183' title='bbox 783 3294 914 3376; x_wconf 91' lang='lat' dir='ltr'><strong>copiosa,</strong></span> <span class='ocrx_word' id='word_1_184' title='bbox 938 3299 969 3355; x_wconf 91' lang='lat' dir='ltr'><strong>et</strong></span> <span class='ocrx_word' id='word_1_185' title='bbox 990 3308 1101 3374; x_wconf 89' lang='lat' dir='ltr'><strong>pecora</strong></span> <span class='ocrx_word' id='word_1_186' title='bbox 1122 3290 1170 3352; x_wconf 90' lang='lat' dir='ltr'><strong>iila</strong></span> <span class='ocrx_word' id='word_1_187' title='bbox 1195 3289 1278 3351; x_wconf 90' lang='lat' dir='ltr'><strong>velut</strong></span> <span class='ocrx_word' id='word_1_188' title='bbox 1300 3288 1329 3351; x_wconf 91' lang='lat' dir='ltr'><strong>iu</strong></span> 
     </span>
     <span class='ocr_line' id='line_1_22' title="bbox 202 3390 1330 3483; baseline -0.008 -22"><span class='ocrx_word' id='word_1_189' title='bbox 202 3393 756 3483; x_wconf 72' lang='grc' dir='ltr'><strong><em>καίίίανάταταίῶντα,καίίίαροὶ,</em></strong></span> <span class='ocrx_word' id='word_1_190' title='bbox 783 3398 982 3480; x_wconf 86' lang='lat' dir='ltr'><strong>voluptalibus</strong></span> <span class='ocrx_word' id='word_1_191' title='bbox 1006 3401 1106 3473; x_wconf 89' lang='lat' dir='ltr'><strong>erant,</strong></span> <span class='ocrx_word' id='word_1_192' title='bbox 1135 3400 1166 3455; x_wconf 90' lang='lat' dir='ltr'><strong>et</strong></span> <span class='ocrx_word' id='word_1_193' title='bbox 1198 3390 1330 3473; x_wconf 90' lang='lat' dir='ltr'><strong>plurimis</strong></span> 
     </span>
     <span class='ocr_line' id='line_1_23' title="bbox 203 3492 1330 3588; baseline -0.013 -19"><span class='ocrx_word' id='word_1_194' title='bbox 203 3508 379 3588; x_wconf 79' lang='grc' dir='ltr'><strong><em>σκιρτῶντα</em></strong></span> <span class='ocrx_word' id='word_1_195' title='bbox 400 3492 465 3567; x_wconf 84' lang='grc' dir='ltr'><strong>ὦδε</strong></span> <span class='ocrx_word' id='word_1_196' title='bbox 483 3492 577 3568; x_wconf 64' lang='lat' dir='ltr'><strong>aulaei.</strong></span> <span class='ocrx_word' id='word_1_197' title='bbox 614 3497 681 3566; x_wconf 81' lang='grc' dir='ltr'><strong>Καὶ</strong></span> <span class='ocrx_word' id='word_1_198' title='bbox 700 3497 756 3564; x_wconf 78' lang='grc' dir='ltr'><strong>αὐ·</strong></span> <span class='ocrx_word' id='word_1_199' title='bbox 783 3502 907 3579; x_wconf 89' lang='lat' dir='ltr'><strong>deliciis,</strong></span> <span class='ocrx_word' id='word_1_200' title='bbox 930 3507 960 3563; x_wconf 88' lang='lat' dir='ltr'><strong>el</strong></span> <span class='ocrx_word' id='word_1_201' title='bbox 976 3500 1119 3563; x_wconf 85' lang='lat' dir='ltr'><strong>hilaritate</strong></span> <span class='ocrx_word' id='word_1_202' title='bbox 1135 3495 1330 3571; x_wconf 81' lang='lat' dir='ltr'><strong>exsultabant,</strong></span> 
     </span>
     <span class='ocr_line' id='line_1_24' title="bbox 203 3596 1330 3693; baseline -0.01 -20"><span class='ocrx_word' id='word_1_203' title='bbox 203 3600 263 3682; x_wconf 84' lang='grc' dir='ltr'><strong>τδς</strong></span> <span class='ocrx_word' id='word_1_204' title='bbox 284 3596 304 3671; x_wconf 87' lang='grc' dir='ltr'><strong><em>δ</em></strong></span> <span class='ocrx_word' id='word_1_205' title='bbox 326 3600 443 3693; x_wconf 69' lang='grc' dir='ltr'><strong><em>ποιμήν</em></strong></span> <span class='ocrx_word' id='word_1_206' title='bbox 464 3604 549 3671; x_wconf 80' lang='grc' dir='ltr'><strong><em>πάνυ</em></strong></span> <span class='ocrx_word' id='word_1_207' title='bbox 568 3596 679 3692; x_wconf 62' lang='lat' dir='ltr'><strong>trapis</strong></span> <span class='ocrx_word' id='word_1_208' title='bbox 699 3602 756 3669; x_wconf 82' lang='grc' dir='ltr'><strong>ἐπί</strong></span> <span class='ocrx_word' id='word_1_209' title='bbox 783 3614 814 3672; x_wconf 92' lang='lat' dir='ltr'><strong>et</strong></span> <span class='ocrx_word' id='word_1_210' title='bbox 836 3604 1012 3670; x_wconf 85' lang='lat' dir='ltr'><strong>exsultantia</strong></span> <span class='ocrx_word' id='word_1_211' title='bbox 1038 3602 1243 3664; x_wconf 85' lang='lat' dir='ltr'><strong>discurrebant</strong></span> <span class='ocrx_word' id='word_1_212' title='bbox 1272 3597 1330 3662; x_wconf 89' lang='lat' dir='ltr'><strong>huc</strong></span> 
     </span>
     <span class='ocr_line' id='line_1_25' title="bbox 204 3698 1330 3797; baseline -0.012 -20"><span class='ocrx_word' id='word_1_213' title='bbox 204 3712 253 3797; x_wconf 77' lang='grc' dir='ltr'><strong>τῷ</strong></span> <span class='ocrx_word' id='word_1_214' title='bbox 274 3708 415 3795; x_wconf 80' lang='grc' dir='ltr'><strong><em>ποιμνίῳ</em></strong></span> <span class='ocrx_word' id='word_1_215' title='bbox 430 3702 518 3795; x_wconf 76' lang='grc' dir='ltr'><strong><em>αὐτῷ</em></strong></span> <span class='ocrx_word' id='word_1_216' title='bbox 530 3698 574 3796; x_wconf 77' lang='grc' dir='ltr'><strong><em>ἦν,</em></strong></span> <span class='ocrx_word' id='word_1_217' title='bbox 595 3705 646 3773; x_wconf 82' lang='grc' dir='ltr'><strong>καί</strong></span> <span class='ocrx_word' id='word_1_218' title='bbox 662 3729 755 3795; x_wconf 82' lang='grc' dir='ltr'><strong><em>περι·</em></strong></span> <span class='ocrx_word' id='word_1_219' title='bbox 783 3718 873 3793; x_wconf 84' lang='lat' dir='ltr'><strong>atque</strong></span> <span class='ocrx_word' id='word_1_220' title='bbox 896 3709 972 3772; x_wconf 89' lang='lat' dir='ltr'><strong>illuc.</strong></span> <span class='ocrx_word' id='word_1_221' title='bbox 1004 3707 1041 3769; x_wconf 83' lang='lat' dir='ltr'><strong>Et</strong></span> <span class='ocrx_word' id='word_1_222' title='bbox 1062 3707 1127 3788; x_wconf 88' lang='lat' dir='ltr'><strong>ipse</strong></span> <span class='ocrx_word' id='word_1_223' title='bbox 1148 3710 1251 3784; x_wconf 89' lang='lat' dir='ltr'><strong>pastor</strong></span> <span class='ocrx_word' id='word_1_224' title='bbox 1273 3720 1330 3763; x_wconf 94' lang='lat' dir='ltr'><strong>ve-</strong></span> 
     </span>
     <span class='ocr_line' id='line_1_26' title="bbox 204 3805 1330 3903; baseline -0.016 -20"><span class='ocrx_word' id='word_1_225' title='bbox 204 3815 316 3903; x_wconf 78' lang='grc' dir='ltr'><strong><em>ίτρσχε</em></strong></span> <span class='ocrx_word' id='word_1_226' title='bbox 330 3812 371 3878; x_wconf 78' lang='grc' dir='ltr'><strong>τοί</strong></span> <span class='ocrx_word' id='word_1_227' title='bbox 385 3812 544 3902; x_wconf 80' lang='grc' dir='ltr'><strong>πρόβατα.</strong></span> <span class='ocrx_word' id='word_1_228' title='bbox 568 3809 660 3876; x_wconf 71' lang='grc' dir='ltr'><strong>*Καὶ</strong></span> <span class='ocrx_word' id='word_1_229' title='bbox 674 3805 757 3878; x_wconf 70' lang='grc' dir='ltr'><strong>ἄλλα</strong></span> <span class='ocrx_word' id='word_1_230' title='bbox 782 3816 949 3879; x_wconf 89' lang='lat' dir='ltr'><strong>hemenlem</strong></span> <span class='ocrx_word' id='word_1_231' title='bbox 972 3830 1012 3874; x_wconf 87' lang='lat' dir='ltr'><strong>ex</strong></span> <span class='ocrx_word' id='word_1_232' title='bbox 1033 3827 1131 3892; x_wconf 80' lang='lat' dir='ltr'><strong>grege·</strong></span> <span class='ocrx_word' id='word_1_233' title='bbox 1149 3825 1205 3869; x_wconf 94' lang='lat' dir='ltr'><strong>suo</strong></span> <span class='ocrx_word' id='word_1_234' title='bbox 1226 3805 1330 3888; x_wconf 89' lang='lat' dir='ltr'><strong>perci-</strong></span> 
     </span>
     <span class='ocr_line' id='line_1_27' title="bbox 203 3911 1329 4010; baseline -0.014 -23"><span class='ocrx_word' id='word_1_235' title='bbox 203 3914 357 4010; x_wconf 79' lang='grc' dir='ltr'><strong><em>πρόβατα</em></strong></span> <span class='ocrx_word' id='word_1_236' title='bbox 378 3918 591 3985; x_wconf 66' lang='lat' dir='ltr'><strong>summum</strong></span> <span class='ocrx_word' id='word_1_237' title='bbox 610 3914 662 3981; x_wconf 86' lang='grc' dir='ltr'><strong>καί</strong></span> <span class='ocrx_word' id='word_1_238' title='bbox 679 3938 755 4003; x_wconf 81' lang='lat' dir='ltr'><strong>apo·</strong></span> <span class='ocrx_word' id='word_1_239' title='bbox 781 3920 881 4002; x_wconf 92' lang='lat' dir='ltr'><strong>piebat</strong></span> <span class='ocrx_word' id='word_1_240' title='bbox 897 3917 1094 3998; x_wconf 68' lang='lat' dir='ltr'><strong>voluptatem</strong></span> <span class='ocrx_word' id='word_1_241' title='bbox 1113 3919 1143 3974; x_wconf 94' lang='lat' dir='ltr'><strong>et</strong></span> <span class='ocrx_word' id='word_1_242' title='bbox 1158 3911 1256 3974; x_wconf 88' lang='lat' dir='ltr'><strong>vultus</strong></span> <span class='ocrx_word' id='word_1_243' title='bbox 1272 3928 1329 3991; x_wconf 90' lang='lat' dir='ltr'><strong>pa-</strong></span> 
     </span>
     <span class='ocr_line' id='line_1_28' title="bbox 204 4016 1346 4114; baseline -0.013 -24"><span class='ocrx_word' id='word_1_244' title='bbox 204 4032 318 4114; x_wconf 79' lang='grc' dir='ltr'><strong><em>φῶντα</em></strong></span> <span class='ocrx_word' id='word_1_245' title='bbox 341 4022 373 4089; x_wconf 82' lang='grc' dir='ltr'><strong><em>ἕν</em></strong></span> <span class='ocrx_word' id='word_1_246' title='bbox 395 4018 487 4107; x_wconf 82' lang='grc' dir='ltr'><strong><em>τόπῳ</em></strong></span> <span class='ocrx_word' id='word_1_247' title='bbox 509 4019 563 4100; x_wconf 78' lang='grc' dir='ltr'><strong><em>ἑνί,</em></strong></span> <span class='ocrx_word' id='word_1_248' title='bbox 586 4016 627 4088; x_wconf 90' lang='lat' dir='ltr'><strong>ou&#39;</strong></span> <span class='ocrx_word' id='word_1_249' title='bbox 648 4016 756 4102; x_wconf 80' lang='grc' dir='ltr'><strong><em>μέντοι</em></strong></span> <span class='ocrx_word' id='word_1_250' title='bbox 782 4023 872 4087; x_wconf 87' lang='lat' dir='ltr'><strong>storia</strong></span> <span class='ocrx_word' id='word_1_251' title='bbox 902 4022 979 4084; x_wconf 90' lang='lat' dir='ltr'><strong>illius</strong></span> <span class='ocrx_word' id='word_1_252' title='bbox 1008 4018 1095 4081; x_wconf 92' lang='lat' dir='ltr'><strong>valde</strong></span> <span class='ocrx_word' id='word_1_253' title='bbox 1126 4016 1226 4080; x_wconf 88' lang='lat' dir='ltr'><strong>hilaris</strong></span> <span class='ocrx_word' id='word_1_254' title='bbox 1256 4019 1346 4091; x_wconf 69' lang='lat' dir='ltr'><strong>erat,</strong></span> 
     </span>
     <span class='ocr_line' id='line_1_29' title="bbox 204 4115 1247 4217; baseline -0.012 -24"><span class='ocrx_word' id='word_1_255' title='bbox 204 4134 388 4217; x_wconf 64' lang='lat' dir='ltr'><strong>caeptum.</strong></span> <span class='ocrx_word' id='word_1_256' title='bbox 781 4128 859 4189; x_wconf 91' lang='lat' dir='ltr'><strong>inter</strong></span> <span class='ocrx_word' id='word_1_257' title='bbox 881 4143 991 4206; x_wconf 89' lang='lat' dir='ltr'><strong>pecora</strong></span> <span class='ocrx_word' id='word_1_258' title='bbox 1015 4121 1209 4184; x_wconf 90' lang='lat' dir='ltr'><strong>discurrentis</strong></span> <span class='ocrx_word' id='word_1_259' title='bbox 1225 4115 1247 4180; x_wconf 77' lang='lat'><strong>⁴.</strong></span> 
     </span>
    </p>
   </div>
   <div class='ocr_carea' id='block_1_3' title="bbox 205 4272 1332 4784">
    <p class='ocr_par' dir='ltr' id='par_1_3' title="bbox 205 4272 1332 4784">
     <span class='ocr_line' id='line_1_30' title="bbox 242 4272 1331 4348; baseline -0.01 -13"><span class='ocrx_word' id='word_1_260' title='bbox 242 4284 270 4347; x_wconf 87' lang='grc'><strong>1)</strong></span> <span class='ocrx_word' id='word_1_261' title='bbox 289 4283 355 4348; x_wconf 81' lang='lat' dir='ltr'><strong>Quia</strong></span> <span class='ocrx_word' id='word_1_262' title='bbox 379 4282 451 4335; x_wconf 84' lang='lat' dir='ltr'><strong>hisce</strong></span> <span class='ocrx_word' id='word_1_263' title='bbox 476 4280 663 4335; x_wconf 77' lang='lat' dir='ltr'><strong>inlisionibus</strong></span> <span class='ocrx_word' id='word_1_264' title='bbox 687 4280 757 4333; x_wconf 89' lang='lat' dir='ltr'><strong>multi</strong></span> <span class='ocrx_word' id='word_1_265' title='bbox 818 4279 848 4347; x_wconf 85' lang='lat'><strong>2)</strong></span> <span class='ocrx_word' id='word_1_266' title='bbox 872 4277 911 4329; x_wconf 81' lang='lat' dir='ltr'><strong>Ex</strong></span> <span class='ocrx_word' id='word_1_267' title='bbox 935 4281 1024 4330; x_wconf 78' lang='lat' dir='ltr'><strong>Docta.</strong></span> <span class='ocrx_word' id='word_1_268' title='bbox 1050 4277 1084 4327; x_wconf 82' lang='lat' dir='ltr'><strong>ad</strong></span> <span class='ocrx_word' id='word_1_269' title='bbox 1102 4276 1220 4328; x_wconf 60' lang='lat' dir='ltr'><strong>Antioche</strong></span> <span class='ocrx_word' id='word_1_270' title='bbox 1244 4289 1269 4325; x_wconf 90' lang='lat' dir='ltr'><strong>n.</strong></span> <span class='ocrx_word' id='word_1_271' title='bbox 1292 4272 1331 4324; x_wconf 86' lang='grc'><strong>18.</strong></span> 
     </span>
     <span class='ocr_line' id='line_1_31' title="bbox 205 4363 965 4438; baseline -0.013 -13"><span class='ocrx_word' id='word_1_272' title='bbox 205 4374 335 4425; x_wconf 76' lang='lat' dir='ltr'><strong>Pastum</strong></span> <span class='ocrx_word' id='word_1_273' title='bbox 349 4377 481 4438; x_wconf 85' lang='lat' dir='ltr'><strong>apparent,</strong></span> <span class='ocrx_word' id='word_1_274' title='bbox 500 4376 636 4436; x_wconf 85' lang='lat' dir='ltr'><strong>eapropter</strong></span> <span class='ocrx_word' id='word_1_275' title='bbox 648 4367 756 4419; x_wconf 81' lang='lat' dir='ltr'><strong>lleruuae</strong></span> <span class='ocrx_word' id='word_1_276' title='bbox 784 4383 809 4434; x_wconf 90' lang='lat' dir='ltr'><strong>p.</strong></span> <span class='ocrx_word' id='word_1_277' title='bbox 827 4365 886 4417; x_wconf 75' lang='lat'><strong>261.</strong></span> <span class='ocrx_word' id='word_1_278' title='bbox 906 4363 965 4415; x_wconf 80' lang='lat'><strong>262.</strong></span> 
     </span>
     <span class='ocr_line' id='line_1_32' title="bbox 206 4445 1331 4525; baseline -0.013 -16"><span class='ocrx_word' id='word_1_279' title='bbox 206 4472 273 4525; x_wconf 85' lang='lat' dir='ltr'><strong>opus</strong></span> <span class='ocrx_word' id='word_1_280' title='bbox 304 4455 431 4524; x_wconf 75' lang='lat' dir='ltr'><strong>Origenes</strong></span> <span class='ocrx_word' id='word_1_281' title='bbox 460 4454 573 4524; x_wconf 86' lang='lat' dir='ltr'><strong>appellat</strong></span> <span class='ocrx_word' id='word_1_282' title='bbox 602 4453 692 4505; x_wconf 90' lang='lat' dir='ltr'><strong>librum</strong></span> <span class='ocrx_word' id='word_1_283' title='bbox 723 4454 756 4504; x_wconf 95' lang='lat' dir='ltr'><strong>de</strong></span> <span class='ocrx_word' id='word_1_284' title='bbox 817 4451 846 4517; x_wconf 80' lang='lat'><strong>3)</strong></span> <span class='ocrx_word' id='word_1_285' title='bbox 865 4451 946 4502; x_wconf 80' lang='lat' dir='ltr'><strong>Recte</strong></span> <span class='ocrx_word' id='word_1_286' title='bbox 964 4449 1061 4501; x_wconf 83' lang='lat' dir='ltr'><strong>Pastori</strong></span> <span class='ocrx_word' id='word_1_287' title='bbox 1073 4447 1177 4516; x_wconf 75' lang='lat' dir='ltr'><strong>Augelo</strong></span> <span class='ocrx_word' id='word_1_288' title='bbox 1193 4445 1331 4498; x_wconf 82' lang='lat' dir='ltr'><strong>illecebra·</strong></span> 
     </span>
     <span class='ocr_line' id='line_1_33' title="bbox 205 4530 1332 4602; baseline -0.017 -4"><span class='ocrx_word' id='word_1_289' title='bbox 205 4547 376 4598; x_wconf 75' lang='lat' dir='ltr'><strong>Pectoribus.</strong></span> <span class='ocrx_word' id='word_1_290' title='bbox 406 4546 500 4594; x_wconf 80' lang='lat' dir='ltr'><strong>Corra.</strong></span> <span class='ocrx_word' id='word_1_291' title='bbox 531 4538 756 4592; x_wconf 81' lang='lat' dir='ltr'><strong>htBenedietinus</strong></span> <span class='ocrx_word' id='word_1_292' title='bbox 783 4556 853 4602; x_wconf 87' lang='lat' dir='ltr'><strong>rum,</strong></span> <span class='ocrx_word' id='word_1_293' title='bbox 879 4537 1021 4589; x_wconf 81' lang='lat' dir='ltr'><strong>dulcedinis</strong></span> <span class='ocrx_word' id='word_1_294' title='bbox 1047 4550 1078 4586; x_wconf 87' lang='lat' dir='ltr'><strong>ac</strong></span> <span class='ocrx_word' id='word_1_295' title='bbox 1100 4533 1237 4601; x_wconf 83' lang='lat' dir='ltr'><strong>voluptatis</strong></span> <span class='ocrx_word' id='word_1_296' title='bbox 1257 4530 1332 4581; x_wconf 87' lang='lat' dir='ltr'><strong>datur</strong></span> 
     </span>
     <span class='ocr_line' id='line_1_34' title="bbox 206 4615 1332 4694; baseline -0.016 -12"><span class='ocrx_word' id='word_1_297' title='bbox 206 4630 306 4694; x_wconf 85' lang='lat' dir='ltr'><strong>editor,</strong></span> <span class='ocrx_word' id='word_1_298' title='bbox 333 4628 444 4681; x_wconf 86' lang='lat' dir='ltr'><strong>lectione</strong></span> <span class='ocrx_word' id='word_1_299' title='bbox 462 4628 510 4680; x_wconf 87' lang='lat' dir='ltr'><strong>hac</strong></span> <span class='ocrx_word' id='word_1_300' title='bbox 535 4626 646 4692; x_wconf 84' lang='lat' dir='ltr'><strong>rejects,</strong></span> <span class='ocrx_word' id='word_1_301' title='bbox 671 4624 755 4675; x_wconf 90' lang='lat' dir='ltr'><strong>locum</strong></span> <span class='ocrx_word' id='word_1_302' title='bbox 783 4615 914 4691; x_wconf 72' lang='lat' dir='ltr'><strong>Synthesis</strong></span> <span class='ocrx_word' id='word_1_303' title='bbox 927 4625 1058 4686; x_wconf 85' lang='lat' dir='ltr'><strong>coccinea,</strong></span> <span class='ocrx_word' id='word_1_304' title='bbox 1076 4635 1150 4689; x_wconf 85' lang='lat' dir='ltr'><strong>quam</strong></span> <span class='ocrx_word' id='word_1_305' title='bbox 1164 4631 1239 4669; x_wconf 89' lang='lat' dir='ltr'><strong>nemo</strong></span> <span class='ocrx_word' id='word_1_306' title='bbox 1251 4615 1332 4666; x_wconf 87' lang='lat' dir='ltr'><strong>nescit</strong></span> 
     </span>
     <span class='ocr_line' id='line_1_35' title="bbox 206 4703 1331 4784; baseline -0.013 -16"><span class='ocrx_word' id='word_1_307' title='bbox 206 4714 325 4784; x_wconf 71' lang='lat' dir='ltr'><strong>origenis</strong></span> <span class='ocrx_word' id='word_1_308' title='bbox 350 4713 377 4767; x_wconf 88' lang='grc' dir='ltr'><strong>Τ.</strong></span> <span class='ocrx_word' id='word_1_309' title='bbox 395 4714 415 4767; x_wconf 93' lang='lat' dir='ltr'><strong>l.</strong></span> <span class='ocrx_word' id='word_1_310' title='bbox 433 4732 458 4783; x_wconf 91' lang='lat' dir='ltr'><strong>p.</strong></span> <span class='ocrx_word' id='word_1_311' title='bbox 479 4713 536 4765; x_wconf 75' lang='lat'><strong>140.</strong></span> <span class='ocrx_word' id='word_1_312' title='bbox 561 4712 610 4765; x_wconf 88' lang='lat' dir='ltr'><strong>col.</strong></span> <span class='ocrx_word' id='word_1_313' title='bbox 629 4712 655 4763; x_wconf 83' lang='lat'><strong>2.</strong></span> <span class='ocrx_word' id='word_1_314' title='bbox 675 4710 705 4762; x_wconf 84' lang='lat' dir='ltr'><strong>D.</strong></span> <span class='ocrx_word' id='word_1_315' title='bbox 725 4727 756 4763; x_wconf 82' lang='lat' dir='ltr'><strong>ex</strong></span> <span class='ocrx_word' id='word_1_316' title='bbox 784 4720 883 4764; x_wconf 89' lang='lat' dir='ltr'><strong>vestem</strong></span> <span class='ocrx_word' id='word_1_317' title='bbox 901 4711 980 4763; x_wconf 82' lang='lat' dir='ltr'><strong>luisse</strong></span> <span class='ocrx_word' id='word_1_318' title='bbox 997 4709 1157 4777; x_wconf 82' lang='lat' dir='ltr'><strong>preciosam,</strong></span> <span class='ocrx_word' id='word_1_319' title='bbox 1176 4703 1331 4770; x_wconf 70' lang='lat' dir='ltr'><strong>elegantem,</strong></span> 
     </span>
    </p>
   </div>
   <div class='ocr_carea' id='block_1_4' title="bbox 205 4792 1331 5039">
    <p class='ocr_par' dir='ltr' id='par_1_4' title="bbox 205 4792 1331 5039">
     <span class='ocr_line' id='line_1_36' title="bbox 206 4792 1331 4860; baseline -0.012 -7"><span class='ocrx_word' id='word_1_320' title='bbox 206 4801 264 4855; x_wconf 72' lang='lat' dir='ltr'><strong>las.</strong></span> <span class='ocrx_word' id='word_1_321' title='bbox 291 4802 329 4853; x_wconf 87' lang='lat' dir='ltr'><strong>sie</strong></span> <span class='ocrx_word' id='word_1_322' title='bbox 356 4802 478 4853; x_wconf 82' lang='lat' dir='ltr'><strong>restituit:</strong></span> <span class='ocrx_word' id='word_1_323' title='bbox 507 4802 555 4855; x_wconf 81' lang='lat' dir='ltr'><strong>aed</strong></span> <span class='ocrx_word' id='word_1_324' title='bbox 581 4809 605 4853; x_wconf 81' lang='lat' dir='ltr'><strong>et</strong></span> <span class='ocrx_word' id='word_1_325' title='bbox 631 4802 757 4853; x_wconf 76' lang='lat' dir='ltr'><strong>Pastoris</strong></span> <span class='ocrx_word' id='word_1_326' title='bbox 784 4800 972 4860; x_wconf 85' lang='lat' dir='ltr'><strong>coenatoriam,</strong></span> <span class='ocrx_word' id='word_1_327' title='bbox 990 4794 1097 4846; x_wconf 88' lang='lat' dir='ltr'><strong>indicem</strong></span> <span class='ocrx_word' id='word_1_328' title='bbox 1114 4792 1236 4853; x_wconf 86' lang='lat' dir='ltr'><strong>laetitiae,</strong></span> <span class='ocrx_word' id='word_1_329' title='bbox 1255 4796 1331 4857; x_wconf 82' lang='lat' dir='ltr'><strong>atquc</strong></span> 
     </span>
     <span class='ocr_line' id='line_1_37' title="bbox 205 4876 1330 4943; baseline -0.015 -2"><span class='ocrx_word' id='word_1_330' title='bbox 205 4891 281 4943; x_wconf 71' lang='lat' dir='ltr'><strong>liber.</strong></span> <span class='ocrx_word' id='word_1_331' title='bbox 308 4892 442 4940; x_wconf 72' lang='lat' dir='ltr'><strong>Garunna.</strong></span> <span class='ocrx_word' id='word_1_332' title='bbox 784 4901 797 4936; x_wconf 84' lang='lat' dir='ltr'><strong>u</strong></span> <span class='ocrx_word' id='word_1_333' title='bbox 824 4883 977 4935; x_wconf 88' lang='lat' dir='ltr'><strong>mollioribus</strong></span> <span class='ocrx_word' id='word_1_334' title='bbox 1000 4880 1103 4932; x_wconf 87' lang='lat' dir='ltr'><strong>solitum</strong></span> <span class='ocrx_word' id='word_1_335' title='bbox 1126 4876 1203 4927; x_wconf 85' lang='lat' dir='ltr'><strong>indui.</strong></span> <span class='ocrx_word' id='word_1_336' title='bbox 1235 4877 1330 4926; x_wconf 82' lang='lat' dir='ltr'><strong>Cursu.</strong></span> 
     </span>
     <span class='ocr_line' id='line_1_38' title="bbox 819 4962 1331 5039; baseline -0.018 -16"><span class='ocrx_word' id='word_1_337' title='bbox 819 4972 848 5039; x_wconf 76' lang='lat' dir='ltr'><strong>l)</strong></span> <span class='ocrx_word' id='word_1_338' title='bbox 866 4970 915 5023; x_wconf 80' lang='lat' dir='ltr'><strong>lata</strong></span> <span class='ocrx_word' id='word_1_339' title='bbox 928 4963 1174 5021; x_wconf 74' lang='lat' dir='ltr'><strong>Pseudo-Athanasii</strong></span> <span class='ocrx_word' id='word_1_340' title='bbox 1188 4962 1283 5032; x_wconf 80' lang='lat' dir='ltr'><strong>(doctr.</strong></span> <span class='ocrx_word' id='word_1_341' title='bbox 1297 4962 1331 5014; x_wconf 85' lang='lat' dir='ltr'><strong>ad</strong></span> 
     </span>
    </p>
   </div>
   <div class='ocr_carea' id='block_1_5' title="bbox 0 0 1545 6450">
    <p class='ocr_par' dir='ltr' id='par_1_5' title="bbox 0 0 1545 6450">
     <span class='ocr_line' id='line_1_39' title="bbox 0 0 1545 6450; baseline 0 0"><span class='ocrx_word' id='word_1_342' title='bbox 0 0 1545 6450; x_wconf 95' lang='lat' dir='ltr'><strong> </strong></span> 
     </span>
    </p>
   </div>
  </div>
 </body>
</html>
