<?xml version="1.0" encoding="UTF-8"?>
<!DOCTYPE html PUBLIC "-//W3C//DTD XHTML 1.0 Transitional//EN"
    "http://www.w3.org/TR/xhtml1/DTD/xhtml1-transitional.dtd">
<html xmlns="http://www.w3.org/1999/xhtml" xml:lang="en" lang="en">
 <head>
  <title>
</title>
<meta http-equiv="Content-Type" content="text/html;charset=utf-8" />
  <meta name='ocr-system' content='tesseract 3.04.00' />
  <meta name='ocr-capabilities' content='ocr_page ocr_carea ocr_par ocr_line ocrx_word'/>
</head>
<body>
  <div class='ocr_page' id='page_1' title='image "./patrumapostolic01hefegoog_0470.png"; bbox 0 0 3067 6450; ppageno 0'>
   <div class='ocr_carea' id='block_1_1' title="bbox 289 1189 1188 1265">
    <p class='ocr_par' dir='ltr' id='par_1_1' title="bbox 289 1189 1188 1265">
     <span class='ocr_line' id='line_1_1' title="bbox 289 1189 1188 1265; baseline -0.022 1"><span class='ocrx_word' id='word_1_1' title='bbox 289 1200 353 1265; x_wconf 83' lang='grc'><strong>326</strong></span> <span class='ocrx_word' id='word_1_2' title='bbox 515 1191 654 1248; x_wconf 68' lang='lat' dir='ltr'><strong>nouum</strong></span> <span class='ocrx_word' id='word_1_3' title='bbox 673 1190 808 1247; x_wconf 67' lang='lat' dir='ltr'>PASTOR</span> <span class='ocrx_word' id='word_1_4' title='bbox 844 1189 942 1245; x_wconf 74' lang='lat' dir='ltr'><strong>traua</strong></span> <span class='ocrx_word' id='word_1_5' title='bbox 959 1191 978 1245; x_wconf 89' lang='lat' dir='ltr'><strong>t.</strong></span> <span class='ocrx_word' id='word_1_6' title='bbox 1015 1190 1101 1246; x_wconf 69' lang='lat' dir='ltr'><strong>Vibio</strong></span> <span class='ocrx_word' id='word_1_7' title='bbox 1119 1191 1139 1245; x_wconf 88' lang='lat' dir='ltr'><strong>l.</strong></span> <span class='ocrx_word' id='word_1_8' title='bbox 1158 1191 1188 1247; x_wconf 83' lang='lat' dir='ltr'><strong>lt</strong></span> 
     </span>
    </p>
   </div>
   <div class='ocr_carea' id='block_1_2' title="bbox 186 1350 1416 1954">
    <p class='ocr_par' dir='ltr' id='par_1_2' title="bbox 289 1350 1415 1437">
     <span class='ocr_line' id='line_1_2' title="bbox 289 1350 1415 1437; baseline -0.001 -19"><span class='ocrx_word' id='word_1_9' title='bbox 289 1356 409 1437; x_wconf 85' lang='lat' dir='ltr'><strong>placent</strong></span> <span class='ocrx_word' id='word_1_10' title='bbox 417 1375 426 1430; x_wconf 88' lang='lat'>;</span> <span class='ocrx_word' id='word_1_11' title='bbox 457 1353 557 1435; x_wconf 88' lang='lat' dir='ltr'><strong>priora</strong></span> <span class='ocrx_word' id='word_1_12' title='bbox 588 1358 687 1415; x_wconf 91' lang='lat' dir='ltr'><strong>autem</strong></span> <span class='ocrx_word' id='word_1_13' title='bbox 716 1369 809 1414; x_wconf 87' lang='lat' dir='ltr'><strong>saeva</strong></span> <span class='ocrx_word' id='word_1_14' title='bbox 841 1358 871 1414; x_wconf 88' lang='lat' dir='ltr'><strong>et</strong></span> <span class='ocrx_word' id='word_1_15' title='bbox 893 1350 966 1414; x_wconf 87' lang='lat' dir='ltr'><strong>dura</strong></span> <span class='ocrx_word' id='word_1_16' title='bbox 989 1351 1086 1414; x_wconf 73' lang='lat' dir='ltr'><strong>suub“</strong></span> <span class='ocrx_word' id='word_1_17' title='bbox 1133 1351 1173 1414; x_wconf 77' lang='lat' dir='ltr'><strong>At</strong></span> <span class='ocrx_word' id='word_1_18' title='bbox 1197 1351 1247 1416; x_wconf 89' lang='lat' dir='ltr'><strong>illa</strong></span> <span class='ocrx_word' id='word_1_19' title='bbox 1270 1354 1312 1415; x_wconf 90' lang='lat' dir='ltr'><strong>ait</strong></span> <span class='ocrx_word' id='word_1_20' title='bbox 1334 1354 1415 1417; x_wconf 89' lang='lat' dir='ltr'><strong>mibi:</strong></span> 
     </span>
    </p>

    <p class='ocr_par' dir='ltr' id='par_1_3' title="bbox 231 1439 1416 1540">
     <span class='ocr_line' id='line_1_3' title="bbox 231 1439 1416 1540; baseline 0 -19"><span class='ocrx_word' id='word_1_21' title='bbox 231 1439 242 1457; x_wconf 44' lang='lat'>⁸</span> <span class='ocrx_word' id='word_1_22' title='bbox 292 1459 388 1540; x_wconf 82' lang='lat' dir='ltr'><strong>„baec</strong></span> <span class='ocrx_word' id='word_1_23' title='bbox 410 1458 571 1520; x_wconf 92' lang='lat' dir='ltr'><strong>novissima</strong></span> <span class='ocrx_word' id='word_1_24' title='bbox 592 1456 699 1539; x_wconf 90' lang='lat' dir='ltr'><strong>justis,</strong></span> <span class='ocrx_word' id='word_1_25' title='bbox 729 1457 830 1537; x_wconf 86' lang='lat' dir='ltr'><strong>priora</strong></span> <span class='ocrx_word' id='word_1_26' title='bbox 859 1463 957 1520; x_wconf 88' lang='lat' dir='ltr'><strong>autem</strong></span> <span class='ocrx_word' id='word_1_27' title='bbox 986 1454 1103 1539; x_wconf 78' lang='lat' dir='ltr'><strong>refugis</strong></span> <span class='ocrx_word' id='word_1_28' title='bbox 1129 1461 1159 1537; x_wconf 89' lang='lat' dir='ltr'><strong>et</strong></span> <span class='ocrx_word' id='word_1_29' title='bbox 1181 1455 1341 1520; x_wconf 88' lang='lat' dir='ltr'><strong>etbnieis.“</strong></span> <span class='ocrx_word' id='word_1_30' title='bbox 1385 1457 1416 1521; x_wconf 83' lang='lat' dir='ltr'><strong>lit</strong></span> 
     </span>
    </p>

    <p class='ocr_par' dir='ltr' id='par_1_4' title="bbox 291 1558 1416 1643">
     <span class='ocr_line' id='line_1_4' title="bbox 291 1558 1416 1643; baseline -0.001 -18"><span class='ocrx_word' id='word_1_31' title='bbox 291 1581 382 1643; x_wconf 88' lang='lat' dir='ltr'><strong>quum</strong></span> <span class='ocrx_word' id='word_1_32' title='bbox 405 1561 580 1642; x_wconf 89' lang='lat' dir='ltr'><strong>loqueretur</strong></span> <span class='ocrx_word' id='word_1_33' title='bbox 603 1578 729 1638; x_wconf 88' lang='lat' dir='ltr'><strong>meeum,</strong></span> <span class='ocrx_word' id='word_1_34' title='bbox 753 1560 813 1623; x_wconf 89' lang='lat' dir='ltr'><strong>duo</strong></span> <span class='ocrx_word' id='word_1_35' title='bbox 829 1558 947 1641; x_wconf 86' lang='lat' dir='ltr'><strong>quidam</strong></span> <span class='ocrx_word' id='word_1_36' title='bbox 962 1559 1018 1621; x_wconf 90' lang='lat' dir='ltr'><strong>viri</strong></span> <span class='ocrx_word' id='word_1_37' title='bbox 1036 1567 1249 1642; x_wconf 83' lang='lat' dir='ltr'><strong>apparuerunt,</strong></span> <span class='ocrx_word' id='word_1_38' title='bbox 1271 1567 1303 1638; x_wconf 80' lang='lat' dir='ltr'><strong>et</strong></span> <span class='ocrx_word' id='word_1_39' title='bbox 1318 1569 1416 1624; x_wconf 88' lang='lat' dir='ltr'><strong>sustu·</strong></span> 
     </span>
    </p>

    <p class='ocr_par' dir='ltr' id='par_1_5' title="bbox 288 1660 1414 1742">
     <span class='ocr_line' id='line_1_5' title="bbox 288 1660 1414 1742; baseline -0.004 -13"><span class='ocrx_word' id='word_1_40' title='bbox 288 1666 391 1729; x_wconf 91' lang='lat' dir='ltr'><strong>lerunt</strong></span> <span class='ocrx_word' id='word_1_41' title='bbox 420 1665 496 1728; x_wconf 93' lang='lat' dir='ltr'><strong>illam</strong></span> <span class='ocrx_word' id='word_1_42' title='bbox 529 1665 676 1742; x_wconf 88' lang='lat' dir='ltr'><strong>humeris,</strong></span> <span class='ocrx_word' id='word_1_43' title='bbox 706 1670 737 1727; x_wconf 88' lang='lat' dir='ltr'><strong>et</strong></span> <span class='ocrx_word' id='word_1_44' title='bbox 766 1665 918 1742; x_wconf 89' lang='lat' dir='ltr'><strong>abierunt,</strong></span> <span class='ocrx_word' id='word_1_45' title='bbox 950 1662 999 1725; x_wconf 89' lang='lat' dir='ltr'><strong>ubi</strong></span> <span class='ocrx_word' id='word_1_46' title='bbox 1032 1670 1062 1725; x_wconf 90' lang='lat' dir='ltr'><strong>et</strong></span> <span class='ocrx_word' id='word_1_47' title='bbox 1093 1660 1236 1726; x_wconf 73' lang='lat' dir='ltr'>cathedra</span> <span class='ocrx_word' id='word_1_48' title='bbox 1267 1670 1352 1742; x_wconf 88' lang='lat' dir='ltr'><strong>erat,</strong></span> <span class='ocrx_word' id='word_1_49' title='bbox 1384 1663 1414 1726; x_wconf 87' lang='lat' dir='ltr'><strong>at</strong></span> 
     </span>
    </p>

    <p class='ocr_par' dir='ltr' id='par_1_6' title="bbox 186 1746 1413 1954">
     <span class='ocr_line' id='line_1_6' title="bbox 186 1746 1413 1848; baseline -0.004 -14"><span class='ocrx_word' id='word_1_50' title='bbox 186 1746 194 1752; x_wconf 48' lang='grc'><strong>’</strong></span> <span class='ocrx_word' id='word_1_51' title='bbox 291 1769 447 1834; x_wconf 77' lang='lat' dir='ltr'><strong>orientem.</strong></span> <span class='ocrx_word' id='word_1_52' title='bbox 493 1767 600 1831; x_wconf 83' lang='lat' dir='ltr'><strong>Hilaris</strong></span> <span class='ocrx_word' id='word_1_53' title='bbox 632 1775 730 1832; x_wconf 89' lang='lat' dir='ltr'><strong>autem</strong></span> <span class='ocrx_word' id='word_1_54' title='bbox 761 1768 907 1832; x_wconf 84' lang='lat' dir='ltr'><strong>discessit.</strong></span> <span class='ocrx_word' id='word_1_55' title='bbox 952 1766 1084 1830; x_wconf 84' lang='lat' dir='ltr'><strong>Etcum</strong></span> <span class='ocrx_word' id='word_1_56' title='bbox 1115 1768 1229 1848; x_wconf 90' lang='lat' dir='ltr'><strong>abiret,</strong></span> <span class='ocrx_word' id='word_1_57' title='bbox 1263 1769 1306 1830; x_wconf 88' lang='lat' dir='ltr'><strong>ait</strong></span> <span class='ocrx_word' id='word_1_58' title='bbox 1338 1769 1413 1830; x_wconf 90' lang='lat' dir='ltr'><strong>mibi:</strong></span> 
     </span>
     <span class='ocr_line' id='line_1_7' title="bbox 195 1871 665 1954; baseline 0.004 -22"><span class='ocrx_word' id='word_1_59' title='bbox 195 1925 200 1932; x_wconf 88' lang='lat'><strong>.</strong></span> <span class='ocrx_word' id='word_1_60' title='bbox 292 1871 497 1954; x_wconf 66' lang='lat' dir='ltr'><strong>„confortare</strong></span> <span class='ocrx_word' id='word_1_61' title='bbox 520 1871 665 1937; x_wconf 80' lang='lat' dir='ltr'><strong>Hermal“</strong></span> 
     </span>
    </p>
   </div>
   <div class='ocr_carea' id='block_1_3' title="bbox 290 2076 1412 2438">
    <p class='ocr_par' dir='ltr' id='par_1_7' title="bbox 290 2076 1412 2438">
     <span class='ocr_line' id='line_1_8' title="bbox 779 2076 930 2159; baseline 0 -1"><span class='ocrx_word' id='word_1_62' title='bbox 779 2076 864 2158; x_wconf 84' lang='lat' dir='ltr'><strong>lisia</strong></span> <span class='ocrx_word' id='word_1_63' title='bbox 891 2076 930 2159; x_wconf 85' lang='lat' dir='ltr'><strong>ll.</strong></span> 
     </span>
     <span class='ocr_line' id='line_1_9' title="bbox 290 2250 1412 2335; baseline 0.002 -18"><span class='ocrx_word' id='word_1_64' title='bbox 290 2255 428 2318; x_wconf 80' lang='lat' dir='ltr'><strong>Rursum</strong></span> <span class='ocrx_word' id='word_1_65' title='bbox 443 2253 482 2315; x_wconf 81' lang='lat' dir='ltr'><strong>de</strong></span> <span class='ocrx_word' id='word_1_66' title='bbox 497 2253 665 2335; x_wconf 74' lang='lat' dir='ltr'><strong>neyliyents&#39;</strong></span> <span class='ocrx_word' id='word_1_67' title='bbox 680 2252 796 2314; x_wconf 74' lang='lat' dir='ltr'><strong>axoris</strong></span> <span class='ocrx_word' id='word_1_68' title='bbox 811 2250 954 2331; x_wconf 78' lang='lat' dir='ltr'><strong>loquacis</strong></span> <span class='ocrx_word' id='word_1_69' title='bbox 977 2259 1007 2313; x_wconf 88' lang='lat' dir='ltr'><strong>et</strong></span> <span class='ocrx_word' id='word_1_70' title='bbox 1022 2251 1161 2331; x_wconf 79' lang='lat' dir='ltr'><strong>filioram</strong></span> <span class='ocrx_word' id='word_1_71' title='bbox 1176 2252 1412 2319; x_wconf 65' lang='lat' dir='ltr'><strong>libidinosorum</strong></span> 
     </span>
     <span class='ocr_line' id='line_1_10' title="bbox 589 2355 1126 2438; baseline -0.004 -19"><span class='ocrx_word' id='word_1_72' title='bbox 589 2357 809 2438; x_wconf 75' lang='lat' dir='ltr'><strong>costtyutiona,</strong></span> <span class='ocrx_word' id='word_1_73' title='bbox 833 2363 863 2418; x_wconf 90' lang='lat' dir='ltr'><strong>et</strong></span> <span class='ocrx_word' id='word_1_74' title='bbox 884 2356 953 2434; x_wconf 80' lang='lat' dir='ltr'><strong>ejas</strong></span> <span class='ocrx_word' id='word_1_75' title='bbox 972 2355 1126 2419; x_wconf 71' lang='lat' dir='ltr'><strong>maritae</strong></span> 
     </span>
    </p>
   </div>
   <div class='ocr_carea' id='block_1_4' title="bbox 289 2492 1411 4134">
    <p class='ocr_par' dir='ltr' id='par_1_8' title="bbox 289 2492 1411 4134">
     <span class='ocr_line' id='line_1_11' title="bbox 379 2492 1411 2579; baseline 0.001 -20"><span class='ocrx_word' id='word_1_76' title='bbox 379 2497 400 2559; x_wconf 93' lang='lat' dir='ltr'><strong>l.</strong></span> <span class='ocrx_word' id='word_1_77' title='bbox 446 2497 543 2571; x_wconf 87' lang='lat' dir='ltr'><strong>Ouum</strong></span> <span class='ocrx_word' id='word_1_78' title='bbox 567 2512 640 2557; x_wconf 91' lang='lat' dir='ltr'><strong>vero</strong></span> <span class='ocrx_word' id='word_1_79' title='bbox 662 2493 873 2575; x_wconf 83' lang='lat' dir='ltr'><strong>proficiscerer</strong></span> <span class='ocrx_word' id='word_1_80' title='bbox 900 2492 991 2556; x_wconf 87' lang='lat' dir='ltr'><strong>¹oum</strong></span> <span class='ocrx_word' id='word_1_81' title='bbox 1015 2494 1071 2571; x_wconf 88' lang='lat' dir='ltr'><strong>his,</strong></span> <span class='ocrx_word' id='word_1_82' title='bbox 1097 2494 1175 2558; x_wconf 87' lang='lat' dir='ltr'><strong>eirca</strong></span> <span class='ocrx_word' id='word_1_83' title='bbox 1200 2494 1274 2559; x_wconf 87' lang='lat' dir='ltr'><strong>illud</strong></span> <span class='ocrx_word' id='word_1_84' title='bbox 1298 2503 1411 2579; x_wconf 75' lang='lat' dir='ltr'><strong>tempus,</strong></span> 
     </span>
     <span class='ocr_line' id='line_1_12' title="bbox 292 2599 1410 2683; baseline 0.002 -20"><span class='ocrx_word' id='word_1_85' title='bbox 292 2619 352 2683; x_wconf 90' lang='lat' dir='ltr'><strong>quo</strong></span> <span class='ocrx_word' id='word_1_86' title='bbox 377 2608 508 2664; x_wconf 82' lang='lat' dir='ltr'><strong>stanno</strong></span> <span class='ocrx_word' id='word_1_87' title='bbox 532 2599 651 2680; x_wconf 85' lang='lat' dir='ltr'><strong>priore,</strong></span> <span class='ocrx_word' id='word_1_88' title='bbox 683 2599 836 2661; x_wconf 81' lang='lat' dir='ltr'><strong>ambulans</strong></span> <span class='ocrx_word' id='word_1_89' title='bbox 860 2603 1108 2661; x_wconf 89' lang='lat' dir='ltr'><strong>commemoratus</strong></span> <span class='ocrx_word' id='word_1_90' title='bbox 1131 2617 1197 2662; x_wconf 92' lang='lat' dir='ltr'><strong>sum</strong></span> <span class='ocrx_word' id='word_1_91' title='bbox 1221 2603 1294 2664; x_wconf 88' lang='lat' dir='ltr'><strong>anni</strong></span> <span class='ocrx_word' id='word_1_92' title='bbox 1315 2603 1410 2683; x_wconf 85' lang='lat' dir='ltr'><strong>prioris</strong></span> 
     </span>
     <span class='ocr_line' id='line_1_13' title="bbox 292 2699 1410 2783; baseline 0.002 -17"><span class='ocrx_word' id='word_1_93' title='bbox 292 2705 447 2768; x_wconf 86' lang='lat' dir='ltr'><strong>visionem.</strong></span> <span class='ocrx_word' id='word_1_94' title='bbox 492 2703 681 2783; x_wconf 84' lang='lat' dir='ltr'><strong>Rursumque</strong></span> <span class='ocrx_word' id='word_1_95' title='bbox 700 2710 758 2765; x_wconf 86' lang='lat' dir='ltr'><strong>&#39;me</strong></span> <span class='ocrx_word' id='word_1_96' title='bbox 790 2699 938 2764; x_wconf 81' lang='lat' dir='ltr'><strong>²abstulit</strong></span> <span class='ocrx_word' id='word_1_97' title='bbox 970 2703 1108 2782; x_wconf 85' lang='lat' dir='ltr'><strong>spiritus,</strong></span> <span class='ocrx_word' id='word_1_98' title='bbox 1141 2710 1171 2765; x_wconf 88' lang='lat' dir='ltr'><strong>et</strong></span> <span class='ocrx_word' id='word_1_99' title='bbox 1202 2703 1290 2767; x_wconf 77' lang='lat' dir='ltr'><strong>duxit</strong></span> <span class='ocrx_word' id='word_1_100' title='bbox 1317 2708 1410 2768; x_wconf 89' lang='lat' dir='ltr'><strong>melu</strong></span> 
     </span>
     <span class='ocr_line' id='line_1_14' title="bbox 292 2802 1409 2891; baseline 0.001 -21"><span class='ocrx_word' id='word_1_101' title='bbox 292 2808 430 2870; x_wconf 86' lang='lat' dir='ltr'><strong>eumdem</strong></span> <span class='ocrx_word' id='word_1_102' title='bbox 452 2808 561 2886; x_wconf 90' lang='lat' dir='ltr'><strong>locum,</strong></span> <span class='ocrx_word' id='word_1_103' title='bbox 585 2825 644 2889; x_wconf 92' lang='lat' dir='ltr'><strong>quo</strong></span> <span class='ocrx_word' id='word_1_104' title='bbox 665 2825 742 2870; x_wconf 91' lang='lat' dir='ltr'><strong>anuo</strong></span> <span class='ocrx_word' id='word_1_105' title='bbox 762 2807 867 2889; x_wconf 87' lang='lat' dir='ltr'><strong>primo.</strong></span> <span class='ocrx_word' id='word_1_106' title='bbox 908 2802 1090 2886; x_wconf 84' lang='lat' dir='ltr'><strong>³0uumque</strong></span> <span class='ocrx_word' id='word_1_107' title='bbox 1106 2807 1260 2891; x_wconf 85' lang='lat' dir='ltr'><strong>venissem</strong></span> <span class='ocrx_word' id='word_1_108' title='bbox 1282 2808 1321 2871; x_wconf 88' lang='lat' dir='ltr'><strong>ad</strong></span> <span class='ocrx_word' id='word_1_109' title='bbox 1342 2810 1409 2871; x_wconf 88' lang='lat' dir='ltr'><strong>illum</strong></span> 
     </span>
     <span class='ocr_line' id='line_1_15' title="bbox 291 2907 1409 2995; baseline 0.003 -21"><span class='ocrx_word' id='word_1_110' title='bbox 291 2912 407 2989; x_wconf 88' lang='lat' dir='ltr'><strong>locum,</strong></span> <span class='ocrx_word' id='word_1_111' title='bbox 437 2912 542 2992; x_wconf 88' lang='lat' dir='ltr'><strong>positis</strong></span> <span class='ocrx_word' id='word_1_112' title='bbox 572 2912 700 2995; x_wconf 83' lang='lat' dir='ltr'><strong>genibus</strong></span> <span class='ocrx_word' id='word_1_113' title='bbox 730 2912 939 2992; x_wconf 86' lang='lat' dir='ltr'><strong>eoepiorare</strong></span> <span class='ocrx_word' id='word_1_114' title='bbox 962 2910 1136 2991; x_wconf 87' lang='lat' dir='ltr'><strong>Dominum,</strong></span> <span class='ocrx_word' id='word_1_115' title='bbox 1166 2918 1199 2974; x_wconf 90' lang='lat' dir='ltr'><strong>et</strong></span> <span class='ocrx_word' id='word_1_116' title='bbox 1221 2907 1409 2977; x_wconf 83' lang='lat' dir='ltr'><strong>bonoribeare</strong></span> 
     </span>
     <span class='ocr_line' id='line_1_16' title="bbox 291 3015 1409 3097; baseline 0.001 -20"><span class='ocrx_word' id='word_1_117' title='bbox 291 3033 400 3077; x_wconf 89' lang='lat' dir='ltr'><strong>nomeu</strong></span> <span class='ocrx_word' id='word_1_118' title='bbox 425 3017 508 3097; x_wconf 88' lang='lat' dir='ltr'><strong>ejus,</strong></span> <span class='ocrx_word' id='word_1_119' title='bbox 540 3016 620 3097; x_wconf 88' lang='lat' dir='ltr'><strong>quod</strong></span> <span class='ocrx_word' id='word_1_120' title='bbox 644 3015 764 3097; x_wconf 83' lang='lat' dir='ltr'><strong>dignum</strong></span> <span class='ocrx_word' id='word_1_121' title='bbox 789 3033 836 3076; x_wconf 88' lang='lat' dir='ltr'><strong>me</strong></span> <span class='ocrx_word' id='word_1_122' title='bbox 858 3015 1015 3078; x_wconf 71' lang='lat' dir='ltr'><strong>arbitratus</strong></span> <span class='ocrx_word' id='word_1_123' title='bbox 1038 3016 1099 3093; x_wconf 92' lang='lat' dir='ltr'><strong>sit‚·</strong></span> <span class='ocrx_word' id='word_1_124' title='bbox 1125 3022 1156 3077; x_wconf 91' lang='lat' dir='ltr'><strong>et</strong></span> <span class='ocrx_word' id='word_1_125' title='bbox 1186 3016 1409 3081; x_wconf 78' lang='lat' dir='ltr'><strong>manifestaverit</strong></span> 
     </span>
     <span class='ocr_line' id='line_1_17' title="bbox 292 3119 1407 3203; baseline 0.004 -24"><span class='ocrx_word' id='word_1_126' title='bbox 292 3119 363 3180; x_wconf 92' lang='lat' dir='ltr'><strong>mibi</strong></span> <span class='ocrx_word' id='word_1_127' title='bbox 386 3126 507 3200; x_wconf 88' lang='lat' dir='ltr'><strong>peccata</strong></span> <span class='ocrx_word' id='word_1_128' title='bbox 531 3121 662 3201; x_wconf 85' lang='lat' dir='ltr'><strong>pristina.</strong></span> <span class='ocrx_word' id='word_1_129' title='bbox 707 3119 744 3181; x_wconf 86' lang='lat' dir='ltr'><strong>Et</strong></span> <span class='ocrx_word' id='word_1_130' title='bbox 767 3137 857 3200; x_wconf 90' lang='lat' dir='ltr'><strong>quum</strong></span> <span class='ocrx_word' id='word_1_131' title='bbox 879 3120 1079 3182; x_wconf 82' lang='lat' dir='ltr'><strong>surrexissem</strong></span> <span class='ocrx_word' id='word_1_132' title='bbox 1101 3120 1138 3183; x_wconf 92' lang='lat' dir='ltr'><strong>ab</strong></span> <span class='ocrx_word' id='word_1_133' title='bbox 1157 3124 1309 3203; x_wconf 91' lang='lat' dir='ltr'><strong>oratione,</strong></span> <span class='ocrx_word' id='word_1_134' title='bbox 1332 3122 1407 3185; x_wconf 82' lang='lat' dir='ltr'><strong>video</strong></span> 
     </span>
     <span class='ocr_line' id='line_1_18' title="bbox 293 3221 1405 3307; baseline 0.005 -22"><span class='ocrx_word' id='word_1_135' title='bbox 293 3229 396 3286; x_wconf 87' lang='lat' dir='ltr'><strong>contra</strong></span> <span class='ocrx_word' id='word_1_136' title='bbox 421 3243 467 3287; x_wconf 89' lang='lat' dir='ltr'><strong>me</strong></span> <span class='ocrx_word' id='word_1_137' title='bbox 490 3243 577 3287; x_wconf 90' lang='lat' dir='ltr'><strong>anum</strong></span> <span class='ocrx_word' id='word_1_138' title='bbox 601 3221 714 3304; x_wconf 83' lang='lat' dir='ltr'><strong>⁴illam‚</strong></span> <span class='ocrx_word' id='word_1_139' title='bbox 739 3244 824 3307; x_wconf 90' lang='lat' dir='ltr'><strong>quam</strong></span> <span class='ocrx_word' id='word_1_140' title='bbox 849 3231 880 3287; x_wconf 90' lang='lat' dir='ltr'><strong>et</strong></span> <span class='ocrx_word' id='word_1_141' title='bbox 900 3243 979 3288; x_wconf 87' lang='lat' dir='ltr'><strong>auno</strong></span> <span class='ocrx_word' id='word_1_142' title='bbox 1001 3226 1159 3307; x_wconf 88' lang='lat' dir='ltr'><strong>superiore</strong></span> <span class='ocrx_word' id='word_1_143' title='bbox 1183 3226 1329 3307; x_wconf 87' lang='lat' dir='ltr'><strong>videram,</strong></span> <span class='ocrx_word' id='word_1_144' title='bbox 1351 3246 1405 3291; x_wconf 88' lang='lat' dir='ltr'><strong>am·</strong></span> 
     </span>
     <span class='ocr_line' id='line_1_19' title="bbox 291 3328 1404 3415; baseline 0.003 -25"><span class='ocrx_word' id='word_1_145' title='bbox 291 3328 439 3390; x_wconf 82' lang='lat' dir='ltr'><strong>balantem</strong></span> <span class='ocrx_word' id='word_1_146' title='bbox 470 3333 500 3389; x_wconf 87' lang='lat' dir='ltr'><strong>et</strong></span> <span class='ocrx_word' id='word_1_147' title='bbox 528 3328 677 3410; x_wconf 83' lang='lat' dir='ltr'><strong>legentem</strong></span> <span class='ocrx_word' id='word_1_148' title='bbox 709 3329 838 3392; x_wconf 87' lang='lat' dir='ltr'><strong>libellum</strong></span> <span class='ocrx_word' id='word_1_149' title='bbox 870 3329 1006 3410; x_wconf 86' lang='lat' dir='ltr'><strong>aliquem.</strong></span> <span class='ocrx_word' id='word_1_150' title='bbox 1051 3329 1088 3391; x_wconf 88' lang='lat' dir='ltr'><strong>Et</strong></span> <span class='ocrx_word' id='word_1_151' title='bbox 1118 3332 1158 3393; x_wconf 92' lang='lat' dir='ltr'><strong>ait</strong></span> <span class='ocrx_word' id='word_1_152' title='bbox 1189 3332 1278 3394; x_wconf 87' lang='lat' dir='ltr'><strong>milri:</strong></span> <span class='ocrx_word' id='word_1_153' title='bbox 1312 3338 1404 3415; x_wconf 80' lang='lat' dir='ltr'><strong>„potes</strong></span> 
     </span>
     <span class='ocr_line' id='line_1_20' title="bbox 290 3432 1403 3514; baseline 0.004 -21"><span class='ocrx_word' id='word_1_154' title='bbox 290 3432 365 3494; x_wconf 85' lang='lat' dir='ltr'><strong>baec</strong></span> <span class='ocrx_word' id='word_1_155' title='bbox 389 3432 492 3494; x_wconf 88' lang='lat' dir='ltr'><strong>electis</strong></span> <span class='ocrx_word' id='word_1_156' title='bbox 512 3434 569 3495; x_wconf 89' lang='lat' dir='ltr'><strong>Dei</strong></span> <span class='ocrx_word' id='word_1_157' title='bbox 590 3434 762 3496; x_wconf 90' lang='lat' dir='ltr'><strong>renuntiare</strong></span> <span class='ocrx_word' id='word_1_158' title='bbox 773 3433 809 3496; x_wconf 79' lang='lat'><strong>?“</strong></span> <span class='ocrx_word' id='word_1_159' title='bbox 856 3434 931 3496; x_wconf 88' lang='lat' dir='ltr'><strong>Dico</strong></span> <span class='ocrx_word' id='word_1_160' title='bbox 955 3434 999 3496; x_wconf 90' lang='lat' dir='ltr'><strong>ei:</strong></span> <span class='ocrx_word' id='word_1_161' title='bbox 1024 3433 1171 3514; x_wconf 71' lang='lat' dir='ltr'><strong>„domina</strong></span> <span class='ocrx_word' id='word_1_162' title='bbox 1196 3442 1278 3498; x_wconf 90' lang='lat' dir='ltr'><strong>tanta</strong></span> <span class='ocrx_word' id='word_1_163' title='bbox 1298 3438 1328 3500; x_wconf 90' lang='lat' dir='ltr'><strong>in</strong></span> <span class='ocrx_word' id='word_1_164' title='bbox 1348 3454 1403 3499; x_wconf 88' lang='lat' dir='ltr'><strong>me·</strong></span> 
     </span>
     <span class='ocr_line' id='line_1_21' title="bbox 291 3536 1401 3620; baseline 0.005 -24"><span class='ocrx_word' id='word_1_165' title='bbox 291 3538 382 3598; x_wconf 89' lang='lat' dir='ltr'><strong>moria</strong></span> <span class='ocrx_word' id='word_1_166' title='bbox 405 3539 537 3600; x_wconf 88' lang='lat' dir='ltr'><strong>retinere</strong></span> <span class='ocrx_word' id='word_1_167' title='bbox 561 3555 621 3600; x_wconf 91' lang='lat' dir='ltr'><strong>non</strong></span> <span class='ocrx_word' id='word_1_168' title='bbox 651 3556 791 3620; x_wconf 83' lang='lat' dir='ltr'><strong>possum3</strong></span> <span class='ocrx_word' id='word_1_169' title='bbox 822 3536 859 3600; x_wconf 90' lang='lat' dir='ltr'><strong>da</strong></span> <span class='ocrx_word' id='word_1_170' title='bbox 887 3545 986 3600; x_wconf 90' lang='lat' dir='ltr'><strong>autem</strong></span> <span class='ocrx_word' id='word_1_171' title='bbox 1016 3538 1085 3601; x_wconf 89' lang='lat' dir='ltr'><strong>rnibi</strong></span> <span class='ocrx_word' id='word_1_172' title='bbox 1115 3539 1265 3620; x_wconf 91' lang='lat' dir='ltr'><strong>libellum,</strong></span> <span class='ocrx_word' id='word_1_173' title='bbox 1299 3548 1329 3604; x_wconf 89' lang='lat' dir='ltr'><strong>et</strong></span> <span class='ocrx_word' id='word_1_174' title='bbox 1356 3540 1401 3601; x_wconf 87' lang='lat' dir='ltr'><strong>le·</strong></span> 
     </span>
     <span class='ocr_line' id='line_1_22' title="bbox 291 3641 1400 3724; baseline 0.003 -23"><span class='ocrx_word' id='word_1_175' title='bbox 291 3641 449 3719; x_wconf 73' lang='lat' dir='ltr'><strong>scribam‚“</strong></span> <span class='ocrx_word' id='word_1_176' title='bbox 491 3641 654 3723; x_wconf 82' lang='lat' dir='ltr'><strong>„Accipe,“</strong></span> <span class='ocrx_word' id='word_1_177' title='bbox 679 3643 784 3724; x_wconf 88' lang='lat' dir='ltr'><strong>inquit,</strong></span> <span class='ocrx_word' id='word_1_178' title='bbox 808 3649 858 3721; x_wconf 87' lang='lat' dir='ltr'><strong>„et</strong></span> <span class='ocrx_word' id='word_1_179' title='bbox 873 3643 1013 3704; x_wconf 87' lang='lat' dir='ltr'><strong>restituas</strong></span> <span class='ocrx_word' id='word_1_180' title='bbox 1028 3641 1097 3704; x_wconf 89' lang='lat' dir='ltr'><strong>mibi</strong></span> <span class='ocrx_word' id='word_1_181' title='bbox 1112 3643 1226 3707; x_wconf 83' lang='lat' dir='ltr'><strong>illum.“</strong></span> <span class='ocrx_word' id='word_1_182' title='bbox 1264 3644 1303 3708; x_wconf 90' lang='lat' dir='ltr'><strong>Ut</strong></span> <span class='ocrx_word' id='word_1_183' title='bbox 1320 3651 1400 3708; x_wconf 86' lang='lat' dir='ltr'><strong>autem</strong></span> 
     </span>
     <span class='ocr_line' id='line_1_23' title="bbox 291 3744 1399 3831; baseline 0.001 -25"><span class='ocrx_word' id='word_1_184' title='bbox 291 3745 410 3825; x_wconf 83' lang='lat' dir='ltr'><strong>accepi,</strong></span> <span class='ocrx_word' id='word_1_185' title='bbox 442 3745 471 3806; x_wconf 94' lang='lat' dir='ltr'><strong>in</strong></span> <span class='ocrx_word' id='word_1_186' title='bbox 496 3745 651 3824; x_wconf 85' lang='lat' dir='ltr'><strong>quemdam</strong></span> <span class='ocrx_word' id='word_1_187' title='bbox 674 3747 773 3810; x_wconf 87' lang='lat' dir='ltr'><strong>locum</strong></span> <span class='ocrx_word' id='word_1_188' title='bbox 796 3748 862 3828; x_wconf 81' lang='lat' dir='ltr'><strong>agri</strong></span> <span class='ocrx_word' id='word_1_189' title='bbox 886 3746 1051 3826; x_wconf 85' lang='lat' dir='ltr'><strong>secedens,</strong></span> <span class='ocrx_word' id='word_1_190' title='bbox 1082 3746 1232 3831; x_wconf 85' lang='lat' dir='ltr'><strong>descripsi</strong></span> <span class='ocrx_word' id='word_1_191' title='bbox 1258 3751 1353 3812; x_wconf 90' lang='lat' dir='ltr'><strong>omnia</strong></span> <span class='ocrx_word' id='word_1_192' title='bbox 1372 3744 1399 3808; x_wconf 88' lang='lat' dir='ltr'><strong>al</strong></span> 
     </span>
     <span class='ocr_line' id='line_1_24' title="bbox 289 3832 1399 3934; baseline 0.005 -27"><span class='ocrx_word' id='word_1_193' title='bbox 289 3846 415 3909; x_wconf 89' lang='lat' dir='ltr'><strong>litteram</strong></span> <span class='ocrx_word' id='word_1_194' title='bbox 423 3868 433 3924; x_wconf 83' lang='lat'>3</span> <span class='ocrx_word' id='word_1_195' title='bbox 468 3866 528 3911; x_wconf 93' lang='lat' dir='ltr'><strong>non</strong></span> <span class='ocrx_word' id='word_1_196' title='bbox 562 3850 748 3912; x_wconf 89' lang='lat' dir='ltr'><strong>inveniebam</strong></span> <span class='ocrx_word' id='word_1_197' title='bbox 784 3852 861 3913; x_wconf 91' lang='lat' dir='ltr'><strong>enim</strong></span> <span class='ocrx_word' id='word_1_198' title='bbox 895 3850 1034 3934; x_wconf 84' lang='lat' dir='ltr'><strong>syllabas.</strong></span> <span class='ocrx_word' id='word_1_199' title='bbox 1080 3832 1239 3934; x_wconf 78' lang='lat' dir='ltr'><strong>Quumque</strong></span> <span class='ocrx_word' id='word_1_200' title='bbox 1271 3870 1399 3917; x_wconf 88' lang='lat' dir='ltr'><strong>consum·</strong></span> 
     </span>
     <span class='ocr_line' id='line_1_25' title="bbox 291 3952 1397 4037; baseline 0.006 -28"><span class='ocrx_word' id='word_1_201' title='bbox 291 3968 417 4011; x_wconf 85' lang='lat' dir='ltr'><strong>massam</strong></span> <span class='ocrx_word' id='word_1_202' title='bbox 433 3952 608 4032; x_wconf 88' lang='lat' dir='ltr'><strong>scripturam</strong></span> <span class='ocrx_word' id='word_1_203' title='bbox 623 3953 723 4033; x_wconf 85' lang='lat' dir='ltr'><strong>libelli,</strong></span> <span class='ocrx_word' id='word_1_204' title='bbox 746 3955 845 4017; x_wconf 92' lang='lat' dir='ltr'><strong>subito</strong></span> <span class='ocrx_word' id='word_1_205' title='bbox 862 3953 900 4016; x_wconf 86' lang='lat' dir='ltr'><strong>de</strong></span> <span class='ocrx_word' id='word_1_206' title='bbox 916 3973 1003 4017; x_wconf 91' lang='lat' dir='ltr'><strong>manu</strong></span> <span class='ocrx_word' id='word_1_207' title='bbox 1018 3972 1085 4017; x_wconf 86' lang='lat' dir='ltr'><strong>mea</strong></span> <span class='ocrx_word' id='word_1_208' title='bbox 1099 3963 1204 4037; x_wconf 85' lang='lat' dir='ltr'><strong>raptus</strong></span> <span class='ocrx_word' id='word_1_209' title='bbox 1220 3965 1266 4021; x_wconf 88' lang='lat' dir='ltr'><strong>est</strong></span> <span class='ocrx_word' id='word_1_210' title='bbox 1280 3956 1397 4027; x_wconf 87' lang='lat' dir='ltr'><strong>libellus;</strong></span> 
     </span>
     <span class='ocr_line' id='line_1_26' title="bbox 291 4056 697 4134; baseline 0.017 -22"><span class='ocrx_word' id='word_1_211' title='bbox 291 4070 308 4112; x_wconf 94' lang='lat' dir='ltr'><strong>a</strong></span> <span class='ocrx_word' id='word_1_212' title='bbox 332 4070 391 4131; x_wconf 88' lang='lat' dir='ltr'><strong>quo</strong></span> <span class='ocrx_word' id='word_1_213' title='bbox 416 4059 523 4134; x_wconf 86' lang='lat' dir='ltr'><strong>aulem,</strong></span> <span class='ocrx_word' id='word_1_214' title='bbox 546 4073 607 4120; x_wconf 89' lang='lat' dir='ltr'><strong>non</strong></span> <span class='ocrx_word' id='word_1_215' title='bbox 630 4056 697 4119; x_wconf 89' lang='lat' dir='ltr'><strong>vidi.</strong></span> 
     </span>
    </p>
   </div>
   <div class='ocr_carea' id='block_1_5' title="bbox 285 4221 1395 5073">
    <p class='ocr_par' dir='ltr' id='par_1_9' title="bbox 285 4221 1395 4903">
     <span class='ocr_line' id='line_1_27' title="bbox 324 4221 1395 4301; baseline 0.01 -29"><span class='ocrx_word' id='word_1_216' title='bbox 324 4221 352 4286; x_wconf 86' lang='lat' dir='ltr'><strong>t)</strong></span> <span class='ocrx_word' id='word_1_217' title='bbox 372 4224 438 4276; x_wconf 75' lang='lat' dir='ltr'><strong>Cam</strong></span> <span class='ocrx_word' id='word_1_218' title='bbox 467 4227 512 4278; x_wconf 84' lang='lat' dir='ltr'><strong>bs‘s</strong></span> <span class='ocrx_word' id='word_1_219' title='bbox 529 4246 564 4275; x_wconf 95' lang='lat'>=</span> <span class='ocrx_word' id='word_1_220' title='bbox 581 4225 607 4274; x_wconf 77' lang='lat' dir='ltr'><strong>lv</strong></span> <span class='ocrx_word' id='word_1_221' title='bbox 635 4223 718 4301; x_wconf 66' lang='lat' dir='ltr'><strong>airon.</strong></span> <span class='ocrx_word' id='word_1_222' title='bbox 756 4227 835 4289; x_wconf 81' lang='lat' dir='ltr'><strong>Simili</strong></span> <span class='ocrx_word' id='word_1_223' title='bbox 862 4246 926 4282; x_wconf 74' lang='lat' dir='ltr'><strong>navas</strong></span> <span class='ocrx_word' id='word_1_224' title='bbox 961 4230 1072 4281; x_wconf 85' lang='lat' dir='ltr'><strong>restituit</strong></span> <span class='ocrx_word' id='word_1_225' title='bbox 1102 4227 1251 4285; x_wconf 79' lang='lat' dir='ltr'><strong>Gallanrlius</strong></span> <span class='ocrx_word' id='word_1_226' title='bbox 1288 4249 1320 4286; x_wconf 81' lang='lat' dir='ltr'><strong>ex</strong></span> <span class='ocrx_word' id='word_1_227' title='bbox 1351 4229 1395 4283; x_wconf 68' lang='lat' dir='ltr'><strong>aab</strong></span> 
     </span>
     <span class='ocr_line' id='line_1_28' title="bbox 290 4307 973 4374; baseline 0.013 -16"><span class='ocrx_word' id='word_1_228' title='bbox 290 4307 364 4359; x_wconf 88' lang='lat' dir='ltr'><strong>modo</strong></span> <span class='ocrx_word' id='word_1_229' title='bbox 389 4309 440 4361; x_wconf 88' lang='lat' dir='ltr'><strong>Vis.</strong></span> <span class='ocrx_word' id='word_1_230' title='bbox 460 4310 486 4374; x_wconf 84' lang='lat' dir='ltr'><strong>l,</strong></span> <span class='ocrx_word' id='word_1_231' title='bbox 513 4314 523 4363; x_wconf 91' lang='lat' dir='ltr'><strong>t</strong></span> <span class='ocrx_word' id='word_1_232' title='bbox 551 4313 682 4364; x_wconf 80' lang='lat' dir='ltr'><strong>scribitur:</strong></span> <span class='ocrx_word' id='word_1_233' title='bbox 714 4331 774 4369; x_wconf 83' lang='lat' dir='ltr'><strong>eom</strong></span> <span class='ocrx_word' id='word_1_234' title='bbox 800 4320 837 4371; x_wconf 82' lang='lat' dir='ltr'><strong>ts&#39;s</strong></span> <span class='ocrx_word' id='word_1_235' title='bbox 864 4311 973 4367; x_wconf 86' lang='lat' dir='ltr'><strong>Carmel.</strong></span> 
     </span>
     <span class='ocr_line' id='line_1_29' title="bbox 289 4399 1394 4469; baseline 0.007 -24"><span class='ocrx_word' id='word_1_236' title='bbox 289 4399 492 4465; x_wconf 64' lang='lat' dir='ltr'><strong>evellationibus</strong></span> <span class='ocrx_word' id='word_1_237' title='bbox 525 4403 709 4468; x_wconf 74' lang='lat' dir='ltr'><strong>proficiscens.</strong></span> <span class='ocrx_word' id='word_1_238' title='bbox 755 4399 836 4455; x_wconf 86' lang='lat' dir='ltr'><strong>Cote—</strong></span> <span class='ocrx_word' id='word_1_239' title='bbox 897 4402 926 4464; x_wconf 83' lang='grc'><strong>4)</strong></span> <span class='ocrx_word' id='word_1_240' title='bbox 945 4401 964 4453; x_wconf 93' lang='lat' dir='ltr'><strong>l.</strong></span> <span class='ocrx_word' id='word_1_241' title='bbox 985 4419 1009 4456; x_wconf 85' lang='lat' dir='ltr'><strong>o.</strong></span> <span class='ocrx_word' id='word_1_242' title='bbox 1027 4405 1175 4456; x_wconf 65' lang='lat' dir='ltr'><strong>aestatem.</strong></span> <span class='ocrx_word' id='word_1_243' title='bbox 1214 4404 1268 4457; x_wconf 69' lang='lat' dir='ltr'><strong>cla.</strong></span> <span class='ocrx_word' id='word_1_244' title='bbox 1287 4402 1394 4469; x_wconf 65' lang='lat' dir='ltr'><strong>viati„</strong></span> 
     </span>
     <span class='ocr_line' id='line_1_30' title="bbox 288 4480 1394 4557; baseline 0.011 -28"><span class='ocrx_word' id='word_1_245' title='bbox 288 4480 369 4531; x_wconf 86' lang='lat' dir='ltr'><strong>lerius&#39;</strong></span> <span class='ocrx_word' id='word_1_246' title='bbox 393 4481 509 4547; x_wconf 80' lang='lat' dir='ltr'><strong>conjicit:</strong></span> <span class='ocrx_word' id='word_1_247' title='bbox 538 4487 639 4539; x_wconf 76' lang='lat' dir='ltr'><strong>Cumis.</strong></span> <span class='ocrx_word' id='word_1_248' title='bbox 675 4483 742 4537; x_wconf 80' lang='lat' dir='ltr'><strong>lutra</strong></span> <span class='ocrx_word' id='word_1_249' title='bbox 771 4490 836 4540; x_wconf 88' lang='lat' dir='ltr'><strong>enim</strong></span> <span class='ocrx_word' id='word_1_250' title='bbox 862 4485 934 4537; x_wconf 80' lang='lat' dir='ltr'><strong>Haec</strong></span> <span class='ocrx_word' id='word_1_251' title='bbox 964 4496 990 4539; x_wconf 89' lang='lat' dir='ltr'><strong>et</strong></span> <span class='ocrx_word' id='word_1_252' title='bbox 1018 4489 1151 4557; x_wconf 85' lang='lat' dir='ltr'><strong>sequeutia</strong></span> <span class='ocrx_word' id='word_1_253' title='bbox 1181 4489 1270 4544; x_wconf 85' lang='lat' dir='ltr'><strong>laudat</strong></span> <span class='ocrx_word' id='word_1_254' title='bbox 1298 4490 1394 4543; x_wconf 71' lang='lat' dir='ltr'><strong>clem</strong></span> 
     </span>
     <span class='ocr_line' id='line_1_31' title="bbox 288 4564 1392 4642; baseline 0.009 -28"><span class='ocrx_word' id='word_1_255' title='bbox 288 4564 339 4615; x_wconf 88' lang='lat' dir='ltr'><strong>Vis.</strong></span> <span class='ocrx_word' id='word_1_256' title='bbox 365 4564 403 4629; x_wconf 87' lang='lat'><strong>11,</strong></span> <span class='ocrx_word' id='word_1_257' title='bbox 428 4569 443 4617; x_wconf 82' lang='grc'><strong>4</strong></span> <span class='ocrx_word' id='word_1_258' title='bbox 474 4568 581 4621; x_wconf 88' lang='lat' dir='ltr'><strong>Hermas</strong></span> <span class='ocrx_word' id='word_1_259' title='bbox 610 4570 676 4621; x_wconf 91' lang='lat' dir='ltr'><strong>baue</strong></span> <span class='ocrx_word' id='word_1_260' title='bbox 705 4573 836 4625; x_wconf 82' lang='lat' dir='ltr'><strong>mulierem</strong></span> <span class='ocrx_word' id='word_1_261' title='bbox 864 4573 935 4623; x_wconf 73' lang='lat' dir='ltr'><strong>Alex.</strong></span> <span class='ocrx_word' id='word_1_262' title='bbox 948 4572 1040 4626; x_wconf 91' lang='lat' dir='ltr'><strong>Strom.</strong></span> <span class='ocrx_word' id='word_1_263' title='bbox 1054 4574 1095 4639; x_wconf 87' lang='lat' dir='ltr'><strong>vt,</strong></span> <span class='ocrx_word' id='word_1_264' title='bbox 1112 4576 1152 4626; x_wconf 82' lang='lat'><strong>15.</strong></span> <span class='ocrx_word' id='word_1_265' title='bbox 1166 4576 1392 4642; x_wconf 61' lang='lat' dir='ltr'><strong>paoosotttm.</strong></span> 
     </span>
     <span class='ocr_line' id='line_1_32' title="bbox 286 4654 1391 4728; baseline 0.008 -25"><span class='ocrx_word' id='word_1_266' title='bbox 286 4654 416 4721; x_wconf 76' lang='lat' dir='ltr'><strong>Sibyllam</strong></span> <span class='ocrx_word' id='word_1_267' title='bbox 441 4662 542 4721; x_wconf 82' lang='lat' dir='ltr'><strong>reputat</strong></span> <span class='ocrx_word' id='word_1_268' title='bbox 562 4663 587 4706; x_wconf 87' lang='lat' dir='ltr'><strong>et</strong></span> <span class='ocrx_word' id='word_1_269' title='bbox 605 4655 653 4708; x_wconf 85' lang='lat' dir='ltr'><strong>Vis.</strong></span> <span class='ocrx_word' id='word_1_270' title='bbox 672 4658 714 4724; x_wconf 80' lang='lat' dir='ltr'><strong>lt,</strong></span> <span class='ocrx_word' id='word_1_271' title='bbox 735 4659 746 4710; x_wconf 85' lang='lat' dir='ltr'><strong>t</strong></span> <span class='ocrx_word' id='word_1_272' title='bbox 769 4659 837 4728; x_wconf 75' lang='lat' dir='ltr'><strong>legi-</strong></span> <span class='ocrx_word' id='word_1_273' title='bbox 863 4657 906 4709; x_wconf 89' lang='lat' dir='ltr'><strong>ubi</strong></span> <span class='ocrx_word' id='word_1_274' title='bbox 931 4666 1001 4710; x_wconf 91' lang='lat' dir='ltr'><strong>notat</strong></span> <span class='ocrx_word' id='word_1_275' title='bbox 1019 4658 1153 4725; x_wconf 81' lang='lat' dir='ltr'><strong>Potterus‚</strong></span> <span class='ocrx_word' id='word_1_276' title='bbox 1181 4660 1232 4713; x_wconf 85' lang='lat' dir='ltr'><strong>boe</strong></span> <span class='ocrx_word' id='word_1_277' title='bbox 1256 4665 1331 4715; x_wconf 83' lang='lat' dir='ltr'><strong>morlo</strong></span> <span class='ocrx_word' id='word_1_278' title='bbox 1350 4674 1391 4712; x_wconf 77' lang='lat' dir='ltr'><strong>ron</strong></span> 
     </span>
     <span class='ocr_line' id='line_1_33' title="bbox 286 4744 1391 4811; baseline 0.011 -24"><span class='ocrx_word' id='word_1_279' title='bbox 286 4745 338 4788; x_wconf 92' lang='lat' dir='ltr'><strong>tur:</strong></span> <span class='ocrx_word' id='word_1_280' title='bbox 361 4744 550 4808; x_wconf 74' lang='lat' dir='ltr'><strong>proficiscebar</strong></span> <span class='ocrx_word' id='word_1_281' title='bbox 571 4745 600 4795; x_wconf 82' lang='lat' dir='ltr'><strong>a&#39;n</strong></span> <span class='ocrx_word' id='word_1_282' title='bbox 616 4745 665 4796; x_wconf 85' lang='lat' dir='ltr'><strong>s&#39;tto</strong></span> <span class='ocrx_word' id='word_1_283' title='bbox 683 4748 730 4798; x_wconf 85' lang='lat' dir='ltr'><strong>es&#39;a</strong></span> <span class='ocrx_word' id='word_1_284' title='bbox 750 4746 835 4799; x_wconf 77' lang='lat' dir='ltr'><strong>Cass-</strong></span> <span class='ocrx_word' id='word_1_285' title='bbox 864 4760 988 4795; x_wconf 89' lang='lat' dir='ltr'><strong>marmora</strong></span> <span class='ocrx_word' id='word_1_286' title='bbox 1000 4752 1026 4795; x_wconf 84' lang='lat' dir='ltr'><strong>et</strong></span> <span class='ocrx_word' id='word_1_287' title='bbox 1037 4749 1162 4811; x_wconf 84' lang='lat' dir='ltr'><strong>nummos,</strong></span> <span class='ocrx_word' id='word_1_288' title='bbox 1176 4756 1231 4800; x_wconf 91' lang='lat' dir='ltr'><strong>tum</strong></span> <span class='ocrx_word' id='word_1_289' title='bbox 1245 4751 1319 4801; x_wconf 75' lang='lat' dir='ltr'><strong>etiarn</strong></span> <span class='ocrx_word' id='word_1_290' title='bbox 1330 4749 1391 4800; x_wconf 77' lang='lat' dir='ltr'><strong>libros</strong></span> 
     </span>
     <span class='ocr_line' id='line_1_34' title="bbox 285 4819 1389 4903; baseline 0.007 -29"><span class='ocrx_word' id='word_1_291' title='bbox 285 4841 363 4892; x_wconf 80' lang='lat' dir='ltr'><strong>pana.</strong></span> <span class='ocrx_word' id='word_1_292' title='bbox 862 4819 1047 4881; x_wconf 86' lang='lat' dir='ltr'><strong>vetustissimos</strong></span> <span class='ocrx_word' id='word_1_293' title='bbox 1070 4834 1177 4900; x_wconf 83' lang='lat' dir='ltr'><strong>scriptos</strong></span> <span class='ocrx_word' id='word_1_294' title='bbox 1196 4838 1323 4903; x_wconf 80' lang='lat' dir='ltr'><strong>conspici,</strong></span> <span class='ocrx_word' id='word_1_295' title='bbox 1344 4847 1389 4902; x_wconf 79' lang='lat' dir='ltr'><strong>per·</strong></span> 
     </span>
    </p>

    <p class='ocr_par' dir='ltr' id='par_1_10' title="bbox 321 4908 1386 4992">
     <span class='ocr_line' id='line_1_35' title="bbox 321 4908 1386 4992; baseline 0.011 -35"><span class='ocrx_word' id='word_1_296' title='bbox 321 4909 350 4974; x_wconf 81' lang='lat'><strong>2)</strong></span> <span class='ocrx_word' id='word_1_297' title='bbox 370 4908 420 4961; x_wconf 79' lang='lat' dir='ltr'><strong>Cir.</strong></span> <span class='ocrx_word' id='word_1_298' title='bbox 440 4910 492 4963; x_wconf 82' lang='lat' dir='ltr'><strong>Vis.</strong></span> <span class='ocrx_word' id='word_1_299' title='bbox 511 4913 530 4978; x_wconf 86' lang='lat' dir='ltr'><strong>l,</strong></span> <span class='ocrx_word' id='word_1_300' title='bbox 551 4915 573 4966; x_wconf 91' lang='lat'><strong>1.</strong></span> <span class='ocrx_word' id='word_1_301' title='bbox 862 4923 939 4982; x_wconf 86' lang='lat' dir='ltr'><strong>petua</strong></span> <span class='ocrx_word' id='word_1_302' title='bbox 963 4916 1062 4968; x_wconf 84' lang='lat' dir='ltr'><strong>scilicet</strong></span> <span class='ocrx_word' id='word_1_303' title='bbox 1078 4917 1217 4971; x_wconf 84' lang='lat' dir='ltr'><strong>litterarum</strong></span> <span class='ocrx_word' id='word_1_304' title='bbox 1235 4924 1318 4992; x_wconf 76' lang='lat' dir='ltr'><strong>seris,</strong></span> <span class='ocrx_word' id='word_1_305' title='bbox 1339 4915 1386 4972; x_wconf 77' lang='lat' dir='ltr'><strong>anta</strong></span> 
     </span>
    </p>

    <p class='ocr_par' dir='ltr' id='par_1_11' title="bbox 322 4993 1229 5073">
     <span class='ocr_line' id='line_1_36' title="bbox 322 4993 1229 5073; baseline 0.011 -24"><span class='ocrx_word' id='word_1_306' title='bbox 322 4993 350 5063; x_wconf 78' lang='grc'><strong>3)</strong></span> <span class='ocrx_word' id='word_1_307' title='bbox 369 4999 508 5073; x_wconf 72' lang='lat' dir='ltr'><strong>Quomque</strong></span> <span class='ocrx_word' id='word_1_308' title='bbox 524 5004 659 5056; x_wconf 61' lang='lat' dir='ltr'><strong>venusam</strong></span> <span class='ocrx_word' id='word_1_309' title='bbox 682 5031 714 5041; x_wconf 95' lang='lat'>-</span> <span class='ocrx_word' id='word_1_310' title='bbox 740 5005 835 5061; x_wconf 77' lang='lat' dir='ltr'><strong>ooaat-</strong></span> <span class='ocrx_word' id='word_1_311' title='bbox 862 5017 956 5057; x_wconf 81' lang='lat' dir='ltr'><strong>vocum</strong></span> <span class='ocrx_word' id='word_1_312' title='bbox 973 4999 1133 5062; x_wconf 78' lang='lat' dir='ltr'><strong>tbtmeuone</strong></span> <span class='ocrx_word' id='word_1_313' title='bbox 1150 5004 1229 5064; x_wconf 83' lang='lat' dir='ltr'><strong>laeta.</strong></span> 
     </span>
    </p>
   </div>
   <div class='ocr_carea' id='block_1_6' title="bbox 155 5111 204 5293">
    <p class='ocr_par' dir='ltr' id='par_1_12' title="bbox 155 5111 204 5293">
     <span class='ocr_line' id='line_1_37' title="bbox 155 5111 204 5293; baseline 0 0"><span class='ocrx_word' id='word_1_314' title='bbox 155 5111 204 5293; x_wconf 80' lang='lat' dir='ltr'><strong>t</strong></span> 
     </span>
    </p>
   </div>
   <div class='ocr_carea' id='block_1_7' title="bbox 0 0 1538 6450">
    <p class='ocr_par' dir='ltr' id='par_1_13' title="bbox 0 0 1538 6450">
     <span class='ocr_line' id='line_1_38' title="bbox 0 0 1538 6450; baseline 0 8"><span class='ocrx_word' id='word_1_315' title='bbox 0 0 1538 6450; x_wconf 95' lang='lat' dir='ltr'><strong> </strong></span> 
     </span>
    </p>
   </div>
  </div>
 </body>
</html>
