3067 6450
490 1194 594 1246 INDEX
613 1193 726 1247 RERUM
745 1194 787 1248 ET
804 1192 1036 1248 tunsounettu.
1260 1199 1321 1264 461

232 1355 282 1418 Qui
310 1353 384 1416 dicit,
414 1368 497 1421 neque
523 1353 874 1421 resurrectionemtbapai
903 1356 928 1405 in
956 1363 1089 1422 peccatum
1120 1356 1248 1423 quomodo
1276 1357 1325 1407 aiut

233 1459 318 1509 neque
337 1440 459 1506 judicium
481 1457 554 1505 esee,
583 1440 624 1490 hic
649 1443 747 1507 primo·
810 1441 963 1508 suscipiendi
987 1440 1045 1490 128.
1083 1440 1133 1492 cn.
1155 1445 1324 1496 Paenitentia.

232 1531 335 1595 genitus
349 1536 388 1578 eet
401 1527 509 1578 Satanae
524 1528 583 1578 264.
608 1525 659 1578 cn.
674 1531 748 1598 ignis
776 1527 916 1594 Leporis
935 1544 994 1578 ecus
1010 1528 1153 1595 prohibitae
1165 1527 1269 1579 Judeeia
1281 1529 1323 1579 24.

232 1623 259 1665 et
279 1619 425 1683 trinalium
441 1632 547 1680 poenae.
775 1613 904 1665 bevitia
936 1629 981 1666 oue
1011 1617 1149 1668 ministeria
1178 1615 1326 1667 incumbent

197 1701 313 1753 tueith
339 1701 414 1753 beata
439 1710 544 1769 propter
567 1715 678 1753 amorem
698 1717 747 1769 pa·
813 1699 871 1750 108.

232 1791 298 1841 trine
320 1788 377 1840 126.
776 1784 839 1836 Lex
860 1785 909 1837 Dei
929 1809 962 1836 =
981 1787 1148 1856 Evangeiinm
1173 1790 1219 1842 aub
1247 1791 1326 1859 figura

197 1877 286 1929 lusti
307 1892 356 1927 non
373 1876 496 1926 efficimur
510 1892 556 1941 per
568 1882 668 1926 nosmet
680 1876 748 1942 ipsos
811 1877 917 1926 arboria
936 1875 1077 1926 ostenditur
1096 1877 1155 1928 402.
1192 1877 1248 1929 Toti
1268 1877 1325 1929 orbi

233 1972 260 2016 et
280 1979 358 2030 opera
379 1972 474 2026 nostra,
493 1963 538 2013 aed
558 1979 604 2029 pcr
617 1962 691 2012 tidem
705 1961 746 2011 96.
810 1966 933 2011 terrorum
955 1963 1101 2028 praedicata
1120 1973 1159 2015 est
1176 1968 1239 2017 ibid.
1276 1963 1326 2015 ttet

233 2051 280 2102 cir.
299 2055 385 2104 Fidae.
417 2049 479 2101 Juati
498 2049 607 2101 carnoiia
625 2065 747 2100 exercere

233 2146 364 2206 nequeunt
385 2136 441 2187 158.
473 2134 538 2187 Juati
556 2136 588 2186 ab
607 2136 704 2201 injustia
723 2136 748 2185 in

235 2224 285 2275 boc
304 2224 390 2275 ceculo
409 2226 547 2275 internosci
561 2239 611 2274 non
626 2231 747 2290 possunt3

234 2314 257 2362 in
273 2311 356 2362 iuturo
369 2311 495 2362 manifesti
510 2320 583 2362 erunt
595 2309 655 2361 380.
683 2309 748 2360 Jueti

234 2413 286 2449 non
305 2413 319 2447 a
334 2398 420 2463 justit,
438 2399 484 2448 aed
499 2398 531 2448 ab
544 2399 634 2465 iniquia
648 2413 747 2447 vernn-

233 2470 274 2535 tbr
287 2485 343 2536 114.
372 2482 437 2534 Jurti
457 2485 584 2552 quomodo
605 2468 664 2551 ergn
684 2483 748 2534 eiioe

810 2048 927 2099 mnndete
946 2057 1003 2099 aunt
1022 2049 1096 2100 vaide
1114 2049 1180 2101 bonn
1195 2059 1221 2102 et
1235 2065 1325 2118 magna

810 2142 836 2185 et
855 2134 962 2187 boneata
980 2143 1007 2187 et
1024 2135 1091 2187 taeta
1109 2136 1174 2198 390;
1200 2153 1250 2188 non
1269 2144 1327 2189 aunt

812 2220 993 2287 impossibilia,
1021 2238 1072 2274 non
1100 2224 1161 2274 durn
1190 2225 1250 2276 374.
1293 2222 1327 2276 Ut

810 2307 987 2373 observentur,
1009 2310 1115 2377 angelus
1135 2309 1235 2363 Domini
1255 2312 1325 2362 vireu

811 2403 921 2459 praestet
949 2395 1008 2447 391.
1047 2396 1204 2467 Quicumque
1233 2399 1257 2447 in
1286 2397 1325 2447 hia

811 2481 910 2548 legibue
946 2483 1126 2547 ambulaverit,
1163 2486 1233 2534 vivet
1267 2482 1324 2533 Deo

235 2588 264 2622 ae
293 2586 386 2638 gerere
412 2570 525 2622 debeant
553 2571 611 2623 160.
658 2570 747 2622 Omnin

235 2658 345 2721 iaciunt,
369 2660 440 2725 quani
461 2657 516 2710 Deo
539 2659 564 2708 in
590 2660 652 2726 ipaia
675 2659 748 2710 bebi-

235 2744 747 2811 υηιε,ιιῑιίη4411ἰυιιοωρ1ιιω164466.
776 2739 971 2795 Liberorum
997 2745 1114 2798 educatio
1141 2746 1274 2815 negligent
1300 2755 1326 2798 et

200 2831 426 2885 Juetiiicatio.
456 2832 687 2886 Juatiiicamurnon
704 2849 749 2899 per
806 2828 877 2893 justo
894 2834 978 2883 mitior
994 2842 1032 2884 eet
1047 2843 1180 2900 peccatum
1194 2835 1325 2887 344328.
1361 2818 1368 2827 ”

234 2935 282 2971 noa
307 2922 389 2989 ipson,
418 2939 502 2990 neque
528 2936 574 2987 per
599 2915 931 2985 sapientiem:bibertea
951 2919 1050 2969 humani
1070 2920 1165 2971 erbitrii
1183 2923 1243 2973 404.
1265 2923 1325 2978 407,

233 3016 346 3059 noctram
365 3016 409 3059 aut
426 3007 619 3074 inteiligentiam
633 3015 677 3055 nut
690 2976 764 3087 pie!
812 3002 915 3066 Omnes,
929 3005 1077 3071 quinctium,
1091 3004 1193 3056 dieboio
1205 3009 1324 3059 reairtere

234 3103 313 3146 tatem
336 3105 378 3147 aut
402 3112 497 3163 opere,
524 3109 590 3161 quoe
615 3095 640 3142 in
665 3094 764 3157 cordis!
812 3099 915 3157 pereunt
934 3090 1066 3141 375.376.
1103 3089 1172 3141 Deua
1191 3092 1323 3144 nobiccum

235 3186 369 3236 aanetitate
387 3183 485 3250 operati
503 3197 604 3243 eumue,
631 3182 677 3231 aed
704 3196 749 3247 per
812 3188 930 3246 tunquam
955 3195 1012 3229 cum
1037 3179 1236 3248 obsequentibus
1261 3183 1325 3248 agit,

236 3270 321 3334 tidem,
343 3286 389 3337 ner
407 3287 480 3339 quem
502 3272 661 3336 omnipotens
681 3267 749 3317 Deus
812 3284 862 3319 non
887 3277 1004 3335 tanquam
1029 3267 1176 3319 violentiam
1202 3269 1326 3319 adbibem

236 3355 268 3407 ab
285 3359 357 3408 initio
373 3374 461 3409 omnen
473 3356 620 3423 justificavit
639 3355 680 3405 96.
712 3354 749 3405 tte
811 3355 871 3406 310.
904 3354 1016 3407 Credere
1034 3357 1147 3423 cogimur
1165 3355 1326 3407 nDeodii.

237 3443 442 3512 derelinquemus
461 3461 522 3495 vcro
542 3442 607 3493 bone
627 3458 705 3508 opere
725 3450 751 3493 et
779 3442 909 3511 Lignum
929 3445 1079 3511 cognitionis
1098 3451 1125 3493 et
1143 3442 1237 3511 iignum
1256 3446 1326 3495 vitae

810 2572 872 2621 ibid.
904 2569 955 2622 Lex
968 2569 1060 2621 Christi
1077 2573 1132 2622 eine
1148 2569 1212 2638 jugo
1229 2585 1323 2622 necea-

809 2657 889 2706 eitatia
908 2666 947 2707 eet
963 2659 989 2708 4.

236 3530 384 3582 charitatem
414 3535 475 3584 iiiii.
520 3530 600 3598 iniqui
629 3537 655 3580 et
682 3531 750 3596 impii
814 3531 865 3582 318
884 3547 920 3599 aq.

232 3617 364 3680 justificari
378 3633 428 3668 non
441 3624 555 3685 noscunt,
575 3618 622 3668 nini
635 3618 659 3667 in
673 3616 749 3668 Chri·
779 3618 903 3686 bingen
923 3618 1046 3684 duptex
1066 3625 1104 3668 eet
1122 3616 1226 3684 lnqueua
1240 3617 1328 3667 mertia

235 3712 291 3767 ato,
318 3703 371 3754 eno
391 3702 437 3753 Dei
459 3703 520 3754 314.
558 3701 672 3754 Cbriatue
696 3704 750 3755 eoin
813 3705 856 3757 46.
887 3704 926 3755 De
943 3707 1043 3755 nemine
1060 3703 1258 3769 multiloquens,
1278 3720 1327 3754 ne·

237 3798 311 3859 porta
339 3790 371 3840 ad
399 3789 497 3842 Patrem
525 3790 585 3841 420.
632 3790 751 3859 iniquitas
814 3807 862 3858 que
875 3791 985 3841 libenter
998 3791 1086 3842 audiat
1100 3789 1165 3841 male
1179 3790 1327 3857 loquentem

236 3875 371 3927 multorum
390 3877 414 3926 in
433 3891 483 3927 uuo
499 3875 567 3940 justo
589 3876 752 3929 absconditur
814 3877 873 3927 347.
910 3874 962 3927 ctr.
983 3881 1147 3932 Detreetutio.

238 3961 299 4013 att.
327 3960 424 4013 Juatitie
444 3964 517 4013 uniua
536 3964 627 4015 multoe
646 3966 752 4031 injectos
780 3962 884 4014 boene
903 3966 1030 4015 neminem
1050 3966 1139 4017 efferat
1156 3963 1216 4015 226.
1235 3962 1295 4013 406.

235 4048 356 4114 jmnttcn
381 4052 443 4101 ibid.
489 4047 538 4099 Per
563 4049 711 4103 charitatem
738 4069 751 4102 a
779 4048 898 4118 Λόγος.
917 4067 977 4102 num
989 4051 1094 4101 Hermae
1112 4048 1157 4098 τόν
1170 4048 1258 4116 Λόγον
1277 4064 1328 4103 no·

238 4135 296 4187 lieo
325 4143 431 4201 peccota
464 4144 549 4185 nostra
582 4139 752 4204 remittuntur,
815 4142 894 4191 minet
907 4142 1037 4207 Spiritum
1054 4146 1177 4188 tanetum
1196 4136 1255 4188 386.
1269 4137 1328 4189 388.

239 4222 394 4289 obteguntur
414 4220 471 4271 120.
508 4221 559 4273 cn.
580 4226 673 4291 Opera.
814 4224 956 4275 incarnatio
974 4223 1017 4269 τοῦ
1035 4217 1125 4286 Λόγου
1143 4222 1210 4289 389,
1238 4232 1290 4275 not.
1309 4224 1328 4281 ζ.

204 4309 353 4360 Juvenea
378 4309 403 4357 in
428 4307 544 4359 omnibus
567 4309 684 4375 inculpati
702 4311 752 4359 rint
813 4307 897 4373 Λόγος
915 4323 964 4358 oon
984 4306 1072 4375 aSige
1087 4310 1255 4377 progredienti
1270 4309 1327 4360 178.

238 4395 306 4459 262,
332 4396 480 4462 praesertim
506 4396 612 4446 castitati
634 4395 752 4446 studeant
779 4394 837 4446 Lot
858 4402 963 4460 propter
981 4392 1178 4460 hospitalitatem
1197 4405 1223 4447 et
1241 4396 1327 4463 pieta·

237 4484 301 4536 tttt.
340 4480 403 4531 Vide
422 4484 547 4535 coutitur.
816 4490 867 4532 tem
891 4479 977 4531 ratius
1002 4482 1084 4532 evasit
1103 4482 1145 4532 68ι
1183 4480 1245 4547 Ejus
1264 4497 1329 4533 uxor

816 4571 878 4622 ibid.

462 4642 503 4693 ΙΙ.

205 4740 321 4793 Labor.
358 4740 407 4794 Ubi
432 4742 488 4809 pina
515 4742 624 4810 ieboria,
652 4745 755 4798 multum
1030 4731 1079 4781 Π·

240 4828 304 4880 lucri
324 4827 383 4880 236.
783 4832 1014 4899 bingiatratua‚
1053 4829 1175 4897 imagiuea
1205 4827 1253 4881 Dei
1284 4827 1327 4879 46.

204 4913 326 4967 Laieaa
345 4914 420 4970 bomo
439 4918 584 4986 praeceptio
603 4918 673 4972 inicia
689 4936 754 4971 con·
816 4917 849 4969 lie
866 4917 954 4969 fidelea
971 4918 1147 4984 obtemperant
1158 4919 1219 4970 ibid.
1250 4913 1328 4967 Orate

241 5002 373 5072 attingitur
393 5004 450 5056 108.
815 5019 861 5071 pro
879 5004 982 5071 regibna
994 5012 1028 5056 'et
1039 5002 1205 5073 potentatibua
1218 5009 1244 5055 et
1255 5002 1327 5074 ptiu-
