3067 6450
198 1200 272 1265 414.
411 1191 548 1246 unauna
566 1189 702 1245 cosroe.
737 1144 833 1242 ardua
851 1186 893 1241 ru.
929 1186 1054 1242 srurmr,
1072 1187 1115 1240 uc

199 1358 237 1420 Et
261 1357 334 1419 dixit
355 1355 441 1418 mihi:
466 1354 512 1433 „si
535 1353 646 1417 arduus
668 1369 729 1415 non
746 1348 850 1426 tueris,
875 1347 971 1411 omnio
987 1364 1171 1431 cognosces,
1195 1352 1227 1407 et
1241 1344 1316 1408 vide·

199 1462 245 1524 bis
268 1461 392 1541 reliqua,
415 1477 492 1540 quoe
516 1459 613 1521 sutura
637 1461 705 1520 sunt
727 1455 797 1518 huic
821 1454 912 1531 turri,
936 1460 966 1514 et
989 1470 1095 1515 omnes
1118 1449 1317 1514 similitudines

201 1564 361 1646 diligenter
383 1563 583 1646 cognosces.“
630 1561 667 1623 Et
688 1561 824 1623 venimus
847 1565 915 1640 post
936 1559 1000 1620 dies
1016 1575 1131 1640 paucos
1147 1559 1179 1619 in
1195 1556 1320 1620 eumden

201 1669 319 1746 locum,
344 1668 394 1730 ubi
416 1667 608 1746 sederamus,
632 1673 661 1727 nt
682 1664 756 1726 dixit
778 1664 862 1725 mibi:
895 1664 1126 1743 „perveniamus
1149 1663 1188 1726 ad
1214 1662 1321 1736 turrim3

204 1773 342 1837 dominus
365 1773 443 1834 enim
468 1774 534 1854 ejus
558 1776 702 1833 venturus
726 1776 782 1848 est,
805 1774 836 1831 ot
859 1768 1029 1832 consideret
1044 1770 1142 1832 cam.“
1191 1769 1322 1840 Venimus

202 1879 293 1961 igitur
315 1877 400 1954 illuc,
431 1883 461 1938 ct
484 1876 631 1938 neminem
654 1875 759 1952 alium,
792 1891 879 1953 quam
910 1873 1043 1955 virgines
1066 1873 1133 1934 illas
1155 1873 1323 1935 invenimus

203 1982 239 2045 Et
263 1981 462 2063 interrogavit
478 1998 540 2058 eas,
564 1997 601 2041 an
618 1978 752 2054 nituisset
766 1979 806 2041 ibi
822 1977 959 2041 dominus
975 1979 1065 2041 turris
1082 1977 1191 2040 itlius?
1230 1977 1267 2040 Et
1281 1996 1323 2039 re-

204 2087 400 2169 sponderunt,
414 2085 554 2148 continuo
566 2103 634 2147 eum
644 2082 822 2164 adiuturum,
835 2090 866 2145 ut
878 2083 1242 2147 consideretstructurorn
1251 2083 1324 2145 iliam

270 2182 339 2252 'vt
375 2190 447 2253 Post
463 2190 599 2273 pusillum
615 2206 689 2251 vero
707 2187 797 2250 video
813 2187 1029 2250 multitudinem
1045 2189 1183 2251 virorum
1200 2207 1323 2270 magum

206 2297 385 2373 venientem,
410 2302 440 2356 et
464 2295 493 2356 in
517 2294 615 2356 medio
638 2311 743 2357 eorum
766 2292 806 2355 ito
835 2288 1006 2355 ¹excelsum
1029 2293 1138 2372 virum,
1161 2297 1196 2355 ut
1219 2291 1323 2375 magui·

205 2401 307 2463 tudine
329 2418 383 2463 sua
406 2400 500 2480 ipsam
524 2399 626 2460 turrim
651 2404 827 2480 superaret;
851 2403 881 2459 et
903 2397 980 2461 circa
999 2417 1065 2460 eum
1081 2416 1141 2460 sex
1156 2398 1239 2476 illos,
1262 2413 1324 2478 quos

205 2506 235 2568 in
261 2504 467 2566 aedificatione
490 2504 637 2585 imperare
660 2502 801 2581 videram,
824 2509 853 2565 et
868 2520 922 2565 eos
938 2520 1051 2580 omnes,
1075 2505 1130 2585 qui
1151 2502 1324 2566 aedificare·

206 2614 276 2671 runt
296 2608 398 2670 turrim
421 2607 509 2687 illam,
533 2614 563 2670 et
586 2615 742 2689 praeterea
763 2606 838 2670 alios
854 2606 1044 2687 quamplures
1067 2606 1219 2690 dignitate
1233 2606 1325 2687 spten-

200 2711 294 2775 ‘didos
320 2713 411 2774 viros.
456 2711 596 2793 Virgines
620 2711 787 2789 remitae,
812 2729 888 2792 quae
905 2710 1112 2775 custodiebant
1129 2712 1239 2774 turrim
1253 2711 1326 2786 uun,

208 2806 417 2893 adcurrerunt,
441 2822 471 2877 et
494 2816 644 2878 osculatae
662 2824 731 2879 sunt
747 2835 824 2894 euru,
848 2823 878 2878 et
892 2835 986 2898 prope
1002 2835 1070 2879 eum
1086 2823 1259 2898 coeperunt
1273 2834 1326 2878 am-

208 2919 322 2982 bulare.
367 2919 420 2981 lllc
443 2926 540 2982 autem
565 2926 621 2982 tam
646 2921 805 3004 diiigenter
828 2921 1035 2985 considerabat
1050 2928 1238 2984 structuram
1252 2922 1326 2996 ittam,

208 3032 241 3088 ot
257 3022 394 3107 singulos
410 3023 524 3105 lapides
540 3031 739 3088 contrectaret
746 3045 756 3100 ;
781 3026 853 3106 quin
870 3026 957 3088 etiarn
974 3025 1113 3108 singulos
1130 3027 1230 3110 virga,
1253 3043 1326 3107 quan

210 3131 239 3193 tn
263 3148 351 3192 manu
368 3130 496 3209 tenebat,
521 3129 655 3194 feriebat.
700 3130 747 3192 Ex
763 3132 869 3211 quibus
886 3129 1012 3211 quidam,
1025 3148 1129 3212 *quum
1146 3137 1253 3193 essent
1267 3146 1327 3211 per·

211 3238 301 3314 cussi,
326 3233 429 3318 ²nigri
452 3236 560 3299 fiebant
575 3237 656 3298 velut
673 3236 785 3319 tutigo;
809 3238 926 3316 quidam
943 3244 1040 3300 autem
1055 3222 1209 3318 tamquam
1226 3234 1326 3309 scabri3

211 3341 330 3421 qnimm
347 3342 431 3420 quasi
448 3341 593 3404 scissuras
608 3341 766 3417 habentes3
791 3340 907 3423 quidam
923 3342 998 3404 curti
1006 3362 1016 3418 ς
1039 3340 1161 3421 quidam
1177 3359 1239 3404 neo
1253 3338 1327 3422 nigri,

212 3463 269 3506 neo
286 3445 343 3508 albi
352 3465 361 3520 3
385 3444 502 3524 quidam
519 3446 628 3527 asperi,
644 3464 701 3508 nec
717 3465 784 3508 oum
800 3445 926 3507 caeteris
939 3444 1086 3527 lapidibus
1102 3446 1327 3517 convenientem

213 3550 332 3629 quidam
355 3550 494 3631 plurimas
517 3552 647 3613 maculas
671 3552 824 3614 habentes.
869 3550 931 3611 Hae
948 3555 1017 3611 sunt
1032 3550 1197 3613 varietates
1213 3548 1327 3631 lapidum

213 3655 346 3732 illorum,
375 3656 425 3735 qui
449 3657 648 3719 instructura
671 3656 718 3718 illa
741 3673 802 3717 non
826 3653 926 3717 idonei
948 3654 1062 3734 reperti
1091 3661 1172 3719 sunt.
1221 3652 1328 3717 ³Jossit

213 3777 268 3822 cos
291 3760 426 3822 dominns
449 3778 554 3823 omnes
578 3761 615 3823 de
638 3761 711 3822 turri
735 3758 860 3839 deponi,
892 3764 922 3819 et
940 3759 1027 3840 juxta
1050 3776 1115 3821 eam
1139 3759 1328 3841 relinqui,et

214 3863 288 3925 altos
310 3862 424 3943 lapides
447 3862 557 3941 atterri,
585 3871 614 3925 et
637 3864 704 3927 ioco
728 3882 832 3944 eorum
856 3864 970 3946 reponi.
1014 3861 1052 3926 Et
1073 3863 1329 3948 interrogaverunt

214 3984 293 4043 eum,
316 3957 367 4045 qni
391 3964 594 4045 aedificabant,
619 3986 658 4030 ex
680 3986 739 4048 quo
763 3972 863 4030 monta
886 3967 977 4029 veltet
999 3966 1109 4045 afferri,
1135 3975 1166 4031 et
1181 3967 1328 4051 reponiin

213 4071 311 4132 iocum
335 4071 523 4152 ejectorum?
567 4072 613 4133 De
636 4073 785 4135 montibus
809 4072 927 4152 quidem
951 4072 1043 4135 vetuit
1066 4071 1192 4152 afferri,
1224 4074 1279 4137 sed
1298 4087 1328 4133 ex

215 4171 346 4255 ⁴campo
370 4174 507 4255 quodam,
531 4178 580 4257 qui
602 4195 699 4259 propo
721 4183 797 4254 erat,
816 4177 907 4258 jussit
928 4174 1037 4238 atterri.
1083 4175 1243 4240 Foderunt
1264 4177 1329 4240 euin

215 4295 348 4358 campum
364 4278 453 4357 ittam,
477 4286 506 4341 et
522 4281 701 4344 invenerunt
716 4279 830 4363 lapides
845 4279 1028 4361 splendidos,
1044 4278 1221 4360 quadratos,
1244 4295 1329 4362 quos·

215 4382 280 4445 dam
310 4400 384 4452 vero
416 4385 502 4446 etiam
536 4383 718 4450 ⁵rotundos.
765 4385 952 4463 Quicumque
982 4390 1079 4446 autem
1112 4390 1201 4448 erant
1230 4386 1261 4447 in
1289 4382 1328 4445 itto

215 4505 330 4571 campo,
353 4505 456 4551 omnes
479 4488 556 4551 allati
579 4498 656 4570 sunt,
681 4497 711 4553 et
725 4509 781 4572 per
801 4495 917 4569 portam
933 4489 1124 4569 transportati
1140 4507 1157 4552 a
1174 4489 1328 4574 virginitas

126 4745 132 4753 ν
252 4677 280 4746 1)
300 4676 324 4730 ts
343 4686 382 4729 est
400 4675 480 4729 Filius
499 4675 556 4728 Dei.
594 4677 659 4730 Vide
685 4694 760 4745 supra
788 4679 886 4747 lapidas
906 4700 941 4726 =
962 4674 1050 4728 tidelm
1074 4676 1145 4729 vitiis
1163 4675 1252 4729 dediti
1287 4671 1327 4725 co.

216 4780 240 4817 c.
258 4764 283 4816 3.
302 4781 326 4832 p.
345 4765 404 4817 411,
425 4773 477 4819 not.
497 4765 510 4815 t
531 4772 557 4817 et
576 4765 639 4816 inira
658 4781 680 4815 c.
704 4765 742 4816 12.
789 4767 840 4817 Vis.
860 4763 946 4829 ttl‚5.
966 4765 991 4815 6.

252 4852 280 4915 2)
300 4850 318 4901 Ι.
332 4866 354 4903 e.
368 4852 521 4919 proditores,
535 4852 578 4920 'qiu
591 4851 665 4902 tidem
678 4850 761 4902 abno—
825 4851 853 4917 4)
873 4852 936 4902 Vide
955 4849 1020 4902 intra
1039 4867 1061 4901 c.
1081 4851 1115 4902 29
1138 4859 1166 4904 et
1185 4870 1208 4905 c.
1227 4854 1269 4904 30.

217 4945 349 5006 generunt.
384 4938 448 4989 Vide
466 4939 530 4990 intra
550 4955 571 4990 c.
592 4939 633 4990 19.
825 4941 854 5006 5)
874 4938 940 4990 Vide
959 4937 1023 4990 intra
1042 4954 1065 4989 c.
1086 4936 1130 4989 30.

254 5024 280 5086 3)
301 5021 352 5075 Cir.
369 5023 431 5076 intra
454 5041 476 5075 c.
498 5024 538 5077 1³.
574 5023 714 5093 Reprobati
739 5024 764 5076 hi
