3067 6450
261 1168 264 1173 ·
330 1206 455 1269 ifliiffll
471 1212 631 1270 BPlSTOhh
649 1214 697 1269 uu
714 1214 883 1270 ΒΡΗΕΒΙΟθ.
901 1216 932 1271 X.
949 1216 991 1272 xl
1008 1217 1062 1273 xu.
1195 1220 1259 1288 103

176 1381 236 1439 tem
259 1375 376 1438 Domini
399 1376 570 1438 studeamus
594 1392 663 1438 esso
693 1371 781 1458 (quis
804 1379 946 1460 uraJorem
969 1377 1105 1461 injuriam
1131 1376 1260 1459 ¹passus

175 1487 353 1562 tunquam,
384 1481 451 1560 quis
482 1482 577 1562 magis
608 1480 781 1561 destitutus,
813 1481 880 1562 quis
908 1482 1003 1564 magis
1036 1488 1203 1546 contemtus
1212 1481 1260 1566 t),

175 1602 204 1649 re
236 1582 357 1647 ³herba
386 1584 483 1665 aliqua
515 1584 624 1647 diuholi
650 1585 680 1646 in
704 1585 792 1648 vohis
819 1585 1003 1662 inveniatur3
1033 1586 1087 1649 sed
1120 1586 1150 1648 in
1179 1588 1260 1650 omni

175 1691 263 1753 ritste
286 1694 316 1751 et
338 1689 532 1771 temperantia
554 1690 715 1769 maneatis,
738 1690 768 1752 in
790 1689 865 1753 Jesu
888 1690 1023 1769 Christo,
1050 1690 1208 1754 carnaliter
1230 1697 1261 1753 et

175 1794 335 1858 irituutiter.

175 2032 184 2048 .
229 1985 408 2049 Nouissima
424 1987 495 2064 jum
511 1994 585 2048 suut
605 1992 764 2064 temporo;
788 1986 947 2051 tinomaus
966 1987 1130 2053 Dominum
1137 2009 1149 2062 ;
1171 1997 1261 2052 orate

626 2108 689 2169 pro
712 2108 766 2151 me.

223 2209 418 2274 ⁴Novissima
442 2218 512 2275 sunt
534 2219 677 2294 tempora.
722 2212 793 2275 ideo
823 2231 1016 2277 revereamur
1047 2221 1077 2277 et
1106 2215 1259 2277 timeamus

175 2315 191 2377 ei
222 2315 489 2398 longanimitatem,
518 2335 564 2379 ne
594 2317 624 2378 in
650 2316 795 2400 judicium
826 2319 912 2381 nohis
942 2318 1037 2380 cedat.
1089 2318 1149 2381 hut
1180 2319 1259 2382 enim

175 2438 262 2483 uram
297 2421 450 2483 timeamus
483 2422 572 2499 iram,
611 2429 662 2485 aut
696 2428 885 2503 praesentem
921 2424 1046 2504 gratiam
1085 2422 1258 2507 diligemus3

175 2542 253 2588 mum
276 2543 328 2586 ex·
339 2523 465 2588 duobus.
510 2526 599 2589 hiatio
615 2527 646 2588 in
662 2526 781 2590 Christo
796 2526 871 2589 Jesu
886 2528 1080 2607 inveniamur,
1103 2526 1140 2590 ud
1157 2546 1258 2591 veram

175 2647 225 2692 um
246 2628 413 2692 vivendum.
459 2630 530 2694 Sine
559 2630 625 2712 ipso
655 2630 727 2693 nihii
757 2649 814 2695 vos
845 2632 968 2713 decent,
1001 2633 1030 2695 in
1058 2650 1118 2712 quo
1140 2631 1258 2695 vinonio

175 2732 314 2798 'sumsero
344 2735 515 2815 spirituales
544 2731 766 2819 ‘margaritum
798 2736 826 2797 in
859 2737 966 2817 quibus
997 2755 1158 2822 resurgere
1188 2735 1259 2799 mihi

175 2839 289 2922 ntingut
312 2841 448 2903 oratione
470 2846 582 2920 vestre,
605 2842 690 2924 eujus
705 2860 753 2904 me
769 2847 842 2923 opto
857 2859 976 2924 semper
994 2842 1059 2905 heri
1074 2842 1258 2924 participem,

186 2928 324 3007 inueniat
346 2946 376 3009 in
398 2953 483 3009 sorte
497 2944 694 3028 Ephesiorum
711 2946 955 3027 Christianorum,
979 2948 1030 3028 qui
1052 2953 1083 3010 et
1104 2945 1258 3028 Apostoiis

175 3068 255 3132 uper
278 3057 498 3114 consenserunt
520 3051 549 3113 in
573 3051 681 3115 virtute
703 3050 779 3113 Jesu
802 3051 918 3114 Christi.

287 3347 348 3413 tut.
393 3346 481 3411 Laus
503 3348 719 3427 Ephesiorum.
764 3345 953 3427 Martyrium
974 3348 1105 3413 tauram.

226 3464 330 3551 7Ξοίο,
354 3471 419 3551 quis
441 3471 496 3534 sim
520 3478 550 3533 et
569 3471 676 3552 quihus
695 3472 831 3534 scribam.
870 3469 936 3552 Ego
956 3470 1179 3549 condemnatus,
1202 3489 1259 3534 vos

175 3574 371 3637 rerieordiam
395 3575 542 3652 assecuti3
573 3594 633 3661 ego
656 3575 791 3657 periculo
814 3577 981 3654 obnoxius,
1006 3592 1062 3637 vos
1085 3575 1258 3638 confirmati.

175 3680 315 3743 'ransitus
331 3680 405 3743 estis
420 3698 533 3759 eorum,
551 3681 602 3760 qui
617 3682 656 3743 ita
671 3680 895 3760 interficiuntur,
911 3686 943 3744 ut
956 3677 994 3742 ud
1009 3680 1106 3742 Deum
1122 3679 1258 3755 veniant3

175 3782 215 3846 uii
232 3779 444 3867 ⁹symmystue,
458 3785 508 3867 qui
521 3784 729 3863 sanctificatus,
742 3786 911 3868 martyrium
922 3790 1112 3864 consecutus,
1125 3790 1155 3847 et
1167 3783 1259 3866 digne

175 3895 241 3951 ntus
257 3896 312 3968 est,
327 3890 364 3953 ud
381 3891 466 3972 eujus
479 3891 606 3972 vestigia
619 3889 774 3971 continget
785 3890 853 3952 mihi
868 3897 899 3953 ut
910 3889 1055 3968 inveniar,
1070 3888 1190 3970 pisendo
1203 3887 1261 3979 Dei

175 3992 284 4074 rttoeps
299 3992 349 4073 tio,
372 3993 423 4075 qui
443 3988 536 4056 ¹⁰tota
552 3992 678 4074 epistota
693 4012 808 4059 memor
823 3996 915 4059 vestri
931 4003 978 4060 est
997 3995 1027 4057 in
1043 3993 1160 4058 Christo
1175 3993 1258 4057 Jasu.

175 4181 200 4250 i)
218 4179 271 4233 etr.
290 4179 377 4247 Putre.
396 4180 428 4233 ud
447 4179 509 4233 Phil.
529 4197 552 4234 e.
574 4181 597 4234 t.
683 4219 688 4226 .
729 4178 997 4254 suprauiueret,
1021 4183 1068 4236 sed
1089 4185 1259 4237 iuuentute

175 4268 198 4333 t)
217 4264 269 4320 Cir.
288 4284 313 4335 p.
334 4268 392 4319 162.
412 4276 472 4320 nota
490 4269 516 4319 t.
622 4295 628 4303 ·
711 4269 829 4339 epistola.
861 4267 976 4337 huetius
999 4269 1131 4322 articulum
1152 4272 1180 4330 τῇ
1199 4276 1259 4321 unte

175 4353 198 4419 i)
217 4352 237 4405 1.
257 4371 280 4408 e.
307 4353 414 4408 uvobis
431 4354 492 4422 (per
516 4372 623 4425 quorum
643 4359 682 4409 oi·
709 4354 821 4417 ἐπιστολῇ
843 4356 935 4408 omisit.
971 4359 1123 4411 &dumus
1142 4353 1220 4421 (Eini.
1239 4353 1258 4405 1.

175 4449 240 4494 stem
258 4442 377 4494 transitus
396 4449 435 4494 ert
454 4439 485 4492 rb
504 4440 608 4494 Oriente
626 4442 681 4495 iio·
710 4459 734 4509 p.
750 4441 815 4509 ³95)
833 4441 900 4493 male
919 4440 1058 4508 contendit,
1077 4440 1102 4490 ir
1120 4439 1185 4504 πάσῃ
1202 4439 1258 4489 tm-

175 4533 213 4590 n)
238 4527 391 4580 roborentur
414 4529 448 4593 ii,
473 4529 517 4598 qui
542 4529 577 4581 oh
600 4527 683 4581 Deum
710 4528 782 4591 στολῇ
810 4543 862 4580 non
891 4526 988 4581 dehere
1018 4530 1100 4581 verti:
1130 4531 1159 4581 irs
1187 4534 1259 4580 totu

175 4613 325 4679 srfleiuntur,
345 4630 369 4666 e.
386 4630 412 4683 g.
432 4612 544 4680 Penius,
563 4613 620 4667 Act·
641 4615 683 4682 ta,
710 4616 834 4684 epistota,
853 4622 879 4665 et
898 4622 1024 4679 autumet,
1044 4613 1129 4666 locum
1147 4619 1258 4664 nostrum

175 4717 207 4771 iq.
227 4701 271 4766 ²0,
293 4701 323 4751 17
336 4717 385 4770 sap,
404 4709 430 4752 et
448 4717 515 4753 nune
533 4716 592 4770 ego.
710 4700 850 4754 seeundum
875 4716 933 4753 esse
958 4699 1143 4753 ererensiene
1169 4696 1259 4761 majori

175 4787 197 4853 t)
216 4786 235 4839 h
257 4802 280 4839 s.
299 4803 356 4840 rum
377 4788 401 4841 S.
416 4786 494 4839 Paulo
514 4787 605 4839 initiati
623 4787 683 4838 estis
709 4786 904 4856 (interpotatr),
931 4801 996 4855 quse
1015 4784 1094 4837 hehet
1110 4779 1134 4840 ὃς
1151 4779 1260 4832 πάντοτε

175 4875 262 4927 Mhi!
280 4873 360 4926 divini
379 4875 478 4928 curtilii
492 4881 518 4925 ei
531 4872 683 4925 Menae
709 4870 736 4923 ἓν
752 4879 805 4931 ταῖς
822 4869 927 4937 δεήσεσιν
944 4868 1020 4921 αὑτοῦ
1035 4865 1177 4937 μνημονεύει
1192 4864 1260 4932 ἡμῶν

175 4961 257 5014 sera.
278 4957 331 5013 ore.
343 4959 439 5030 epse..
453 4963 477 5028 t,
491 4961 515 5014 n.
534 4961 561 5027 a,
573 4959 598 5013 a.
617 4960 644 5026 t,
656 4958 682 5016 a.
711 4956 813 5030 (epu).
877 4933 939 4999 uh
956 4928 1152 5020 Arm,
1169 4939 1280 5030 mss-

862 5121 866 5130 ’
980 5129 1052 5198 11*

901 5273 903 5280 ·
1189 5251 1338 5301 s*
