3067 6450
203 1183 246 1236 ιχ
642 1162 896 1229 rnoraonuama
1135 1168 1327 1243 [rourum

81 1352 85 1359 '
204 1347 325 1424 negant,
344 1339 547 1402 auctoriialcm
564 1334 753 1418 epistolamm
769 1332 873 1415 ignatii
890 1333 1022 1396 minuere
1038 1340 1190 1397 conentur
1204 1338 1328 1416 oporiet

205 1447 263 1511 Sed
289 1443 404 1520 confer,
428 1460 507 1523 quae
530 1447 632 1503 contra
656 1438 712 1500 hos
735 1437 893 1499 llatlrcroa
916 1437 934 1499 1.
958 1456 984 1499 c.
1006 1455 1034 1518 p.
1057 1436 1093 1500 12
1119 1455 1187 1520 sqq.
1210 1439 1329 1500 monuit

186 1552 193 1560 '
292 1547 338 1609 ill.
373 1547 486 1608 Paucos
509 1551 578 1607 anic
600 1560 696 1606 annos
720 1543 753 1602 V.
772 1541 805 1603 D.
825 1540 1008 1603 Goilielmur
1030 1541 1180 1619 Cureton,
1204 1540 1329 1624 Augias,

205 1659 338 1715 veterem
362 1651 533 1714 versionem
554 1647 707 1729 Syriacam
730 1646 817 1706 trium
834 1644 862 1708 S.
879 1645 983 1726 lgnalii
1006 1646 1200 1728 cpislnlnrum
1223 1645 1329 1728 publici

201 1758 281 1842 juris
305 1755 384 1817 iecit.
429 1754 494 1816 lam
517 1770 597 1815 anno
626 1747 707 1814 1839
730 1747 888 1811 ilenricus
913 1750 1049 1827 Tottom,
1073 1751 1261 1832 copticarum
1283 1750 1330 1812 lii·

205 1866 335 1923 terarum
367 1859 580 1941 peritissimus,
612 1855 784 1936 Aegyplum
814 1870 980 1936 peragrans
1010 1855 1039 1917 in
1069 1856 1194 1937 Syriaco
1222 1854 1330 1917 Nitriae

204 1966 386 2028 monasterio
418 1964 554 2026 codicem
584 1959 838 2039 antiquissimum,
871 1962 938 2019 artie
962 1957 1088 2020 medium
1112 1958 1179 2023 Sec.
1203 1959 1253 2022 vt
1277 1978 1330 2021 cx-

205 2076 330 2146 araium,
354 2067 481 2143 delexit,
505 2067 554 2147 qui
579 2064 727 2145 Syriacam
754 2063 924 2124 versionem
948 2063 1091 2144 epislolae
1115 2064 1143 2128 S.
1166 2063 1277 2148 ignatii
1299 2062 1330 2127 ad

204 2174 401 2256 Polycarpum
418 2171 595 2233 continebat.
633 2168 770 2229 Pecuuiis
794 2165 903 2227 deinde
926 2167 1051 2248 publicis
1074 2166 1194 2250 adjutus
1218 2169 1331 2232 doctis·

204 2279 296 2340 simus
313 2275 462 2337 'satiamus
485 2292 563 2335 anno
590 2267 673 2334 1842
697 2269 828 2332 secunda
852 2272 919 2332 vica
943 2272 972 2333 in
988 2273 1156 2355 Aegyptum
1180 2272 1331 2354 proiectus

205 2387 261 2455 est,
279 2386 307 2441 ei
323 2396 467 2459 prospera
485 2378 539 2458 ipsi
557 2376 674 2437 ioriuna
691 2373 834 2456 gaudenti
850 2375 958 2437 multos
974 2375 1049 2437 alios
1066 2377 1241 2437 monasterii
1259 2377 1331 2440 illius

206 2483 328 2546 codices
352 2500 453 2543 emere
476 2481 616 2561 conligit,
645 2479 724 2540 inicr
747 2496 823 2560 quos
846 2481 933 2541 eliam
957 2476 995 2562 (e
1018 2479 1084 2543 Sec.
1108 2479 1154 2541 vt.
1179 2481 1231 2543 vel
1256 2479 1331 2564 llll.)

205 2591 324 2668 anliqua
349 2587 450 2648 versio
474 2587 593 2667 Syriaca
617 2586 703 2645 irium
726 2585 755 2648 S.
775 2583 878 2667 lgnaiii
902 2583 1091 2664 epistolarum
1114 2583 1151 2646 ad
1175 2583 1331 2666 Ephesios,

206 2692 242 2755 ad
266 2692 415 2754 Romanos
446 2695 475 2752 ei
505 2690 541 2751 ad
565 2688 776 2771 Polycarpum,
808 2705 934 2750 unacum
957 2687 1090 2769 pluribus
1112 2687 1332 2770 ignatianarunr

207 2797 397 2878 epistolarum
427 2794 601 2876 fragmentis
633 2799 752 2874 reperta
785 2797 840 2854 est.
887 2791 1001 2865 Quibus
1024 2792 1177 2854 codicibus
1209 2791 1332 2859 deiectis

210 2899 392 2961 Guilieimos
418 2897 613 2973 Coretonus,
650 2898 835 2960 orientalium
865 2896 1014 2959 literarum
1045 2898 1178 2979 apprime
1210 2918 1332 2981 gnarus,

207 3005 316 3090 opiirne
341 3021 374 3064 se
398 3001 435 3064 de
458 3021 492 3064 re
507 3002 656 3083 patristica
676 3001 742 3063 lore
759 3002 931 3062 meriturum
947 3001 1094 3082 sperabat,
1118 3004 1143 3064 si
1159 3006 1332 3068 versionem

207 3106 283 3168 illam
300 3106 451 3188 Syriacam
475 3105 577 3186 praelo
601 3107 763 3187 subjiceret
786 3112 819 3168 et<
839 3107 1008 3167 versionem
1032 3107 1178 3188 anglicam
1199 3109 1331 3190 adderet,

206 3219 295 3293 atque
319 3217 430 3274 textum
454 3230 614 3295 graecum,
649 3212 791 3293 Syriacae
819 3210 952 3274 versioni
983 3207 1063 3294 (non
1094 3212 1256 3299 accurate)
1280 3235 1331 3279 rc·

205 3318 401 3398 spondentem
426 3335 552 3378 exarare
576 3322 744 3378 conaretur.

292 3422 386 3495 Quum
410 3441 484 3484 vcro
502 3423 652 3484 Tattamus
676 3422 752 3484 dnos
774 3420 894 3484 codices
911 3419 1055 3504 epistolae
1071 3419 1108 3481 ad
1123 3421 1330 3505 Polycarpum,

205 3532 235 3586 ui
259 3524 395 3604 diximus,
420 3546 458 3588 ex
480 3528 620 3607 Acgypio
644 3531 843 3606 apportasset,
868 3544 958 3587 unum
982 3544 1060 3587 anno
1088 3524 1180 3605 1839,
1203 3528 1331 3592 alterum

204 3647 282 3691 anno
311 3628 410 3706 18423
435 3631 603 3691 Curcionus
626 3632 744 3691 nonnisi
769 3632 909 3709 priorem,
933 3632 1001 3710 quia
1021 3631 1229 3711 antiquiorem,
1254 3635 1330 3715 typis

205 3732 434 3793 exscribendum
459 3734 582 3809 curavit,
606 3734 786 3794 recentioris
810 3732 923 3795 codicis
945 3733 1090 3797 lectiones
1107 3738 1258 3798 variantes
1275 3737 1330 3801 ad-

202 3836 319 3916 jiciens.
364 3835 521 3895 Praeterea
555 3836 601 3895 vir
633 3834 820 3897 doctissimus
853 3855 990 3919 magnum
1024 3857 1144 3920 quoque
1176 3839 1330 3920 Syriacum

204 3937 403 4019 fragmentum
421 3938 551 4018 llartyrii
569 3938 597 3999 S.
614 3938 716 4020 lgnaiii
741 3946 769 3999 et
792 3941 937 4022 epistolae
961 3943 1095 4024 ejusdem
1117 3942 1153 4005 ad
1169 3942 1329 4025 Romanos,

204 4042 283 4123 qnod
308 4041 476 4103 Curctonus
500 4045 564 4123 ipso
587 4061 665 4104 anno
692 4038 776 4106 1839
800 4046 828 4105 in
847 4045 951 4107 lluseo
975 4046 1138 4108 britannico
1164 4047 1330 4127 detexerat,

204 4146 232 4206 in
257 4145 366 4225 vulpus
390 4146 481 4207 edere
505 4152 535 4206 el
558 4145 634 4207 libro
657 4165 712 4210 suo
737 4147 850 4210 addere
874 4150 1016 4212 decrevil.
1054 4153 1103 4213 Sic
1121 4152 1230 4232 prodiit
1246 4154 1329 4217 Lon-

203 4249 262 4309 dini
290 4246 372 4310 turs
404 4268 479 4330 opus
513 4252 578 4331 ejus
610 4252 664 4313 sub
695 4253 796 4315 titulo:
833 4253 894 4314 Tire
919 4256 1045 4317 ancient
1067 4255 1182 4336 Syrioc
1202 4260 1331 4323 version

203 4351 242 4428 os
261 4354 309 4413 tle
326 4354 454 4429 epiatles
473 4356 511 4433 os
522 4355 609 4415 saint
624 4354 763 4435 lpnata'os
780 4364 810 4418 1ο
826 4356 868 4418 St.
885 4356 1050 4439 Polycarp,
1075 4360 1123 4420 tlre
1139 4360 1328 4440 Eplreaians,

202 4456 267 4516 ond
298 4456 346 4516 tlte
371 4456 526 4519 llomnns:
559 4454 696 4538 inpariter
724 4462 798 4522 witlr
828 4469 968 4524 extracta
995 4463 1079 4540 from
1109 4465 1159 4527 liis
1190 4468 1329 4544 epistlea,

202 4558 351 4619 collected
373 4558 457 4635 from
481 4561 528 4622 tire
551 4564 694 4642 mritinps
718 4563 757 4640 of
773 4565 908 4628 Severus
931 4569 969 4647 of
980 4566 1126 4645 Antinoi,
1154 4570 1330 4634 Timotheus

203 4663 242 4740 of
253 4664 462 4741 Alexandria,
488 4668 553 4727 ond
576 4668 691 4743 orders,
716 4670 821 4730 edited
840 4669 914 4730 atro
929 4690 971 4731 on
987 4672 1107 4751 anplislt
1124 4674 1328 4751 translation,

202 4766 268 4826 ond
290 4776 386 4828 noter.
434 4769 511 4831 Alao
535 4772 584 4831 tlte
605 4771 698 4848 precli
722 4781 789 4833 tect
812 4774 850 4851 of
866 4776 949 4837 llere
973 4776 1056 4837 tiniec
1081 4778 1228 4854 epistlea,
1256 4799 1329 4841 cor-

201 4872 308 4930 rected
332 4874 503 4953 accordinq
527 4883 558 4937 1ο
583 4877 632 4935 tlte
658 4878 817 4960 authority
840 4878 878 4955 os
897 4879 946 4939 tlte
969 4879 1082 4960 Syrinc
1104 4884 1238 4944 version.
1282 4882 1329 4963 By

207 4974 341 5049 ll't'llt'orn
366 4975 513 5064 Coreton,
539 4978 576 5041 lii.
601 4978 637 5042 d.
676 4980 825 5048 london.-
846 4982 1039 5069 lliainptons.
1078 4983 1205 5050 Berlin:
1227 4984 1330 5053 aster
