3067 6450
253 1148 256 1162 ’
277 1174 298 1238 8
599 1162 780 1218 annonara
799 1161 966 1215 arrsroun.
994 1160 1035 1213 ιν.
1054 1159 1083 1212 v.

279 1329 437 1392 'videritis
462 1333 539 1388 tanin
563 1326 648 1408 signa
673 1332 703 1387 et
725 1330 857 1386 monstra
880 1323 909 1397 ip
933 1323 1042 1404 poputo
1064 1320 1269 1396 iudaeorum,
1303 1325 1333 1379 et
1361 1319 1398 1379 sic

275 1434 344 1496 iilos
376 1432 536 1510 dereliquit
566 1430 718 1492 Dominus.
765 1427 970 1490 Adtendamus
1003 1444 1094 1508 ergo,
1129 1443 1168 1489 no
1199 1424 1296 1502 torte,
1330 1424 1400 1485 sicut

275 1537 416 1617 seriptum
441 1541 495 1613 est,
519 1532 630 1594 ²mntti
652 1533 768 1608 vocati,
789 1532 888 1612 panni
911 1531 1011 1606 electi,
1035 1531 1230 1591 inveniamur.

275 1729 310 1791 V.
355 1725 476 1790 Nonum
496 1724 626 1804 foedus,
646 1725 797 1805 passione
823 1721 942 1784 Christi
962 1720 1147 1817 sanitatum,
1177 1729 1225 1783 est
1247 1719 1341 1783 nobis
1364 1719 1401 1779 ud

561 1831 705 1906 salutem,
732 1827 863 1889 Judoeir
887 1828 930 1889 ad
953 1827 1119 1889 interitum.

361 1956 488 2036 Propter
511 1953 569 2015 hoc
585 1951 730 2014 Dominus
753 1948 892 2011 sustinuit
914 1949 1034 2011 tradere
1056 1964 1166 2028 corpus
1190 1965 1279 2009 suurn
1302 1946 1334 2008 in
1348 1964 1400 2008 ex·

274 2061 451 2135 terminium,
469 2065 501 2119 ut
516 2057 694 2119 remissione
710 2059 902 2134 peccatorum
918 2051 1145 2130 sanctificemur,
1162 2050 1243 2132 quod
1260 2057 1307 2112 est
1318 2069 1401 2132 spar-

274 2165 360 2226 sione
383 2163 538 2244 sanguinis
561 2160 647 2222 iltius.
694 2158 911 2238 scriptumest
934 2158 1011 2218 enim
1036 2155 1074 2218 da
1097 2157 1166 2233 itio,
1198 2155 1348 2236 quaedam
1370 2154 1400 2217 ad

274 2268 415 2350 poputum
438 2266 631 2342 iudaeorum,
656 2262 801 2344 quaedam
825 2259 862 2321 ad
885 2279 951 2321 nos.
997 2260 1073 2321 Dioit
1096 2265 1194 2320 auteur
1216 2261 1279 2322 sie:
1306 2257 1401 2324 ³7⁸1·

274 2379 402 2434 noratur
424 2378 471 2432 est
489 2378 621 2450 propior
644 2366 827 2446 iniquitates
851 2374 989 2442 nostros,
1013 2374 1043 2427 et
1064 2373 1197 2428 vexetur
1213 2374 1262 2427 est
1273 2374 1402 2444 propter

272 2483 405 2554 peccato
428 2482 561 2545 nostum·
584 2473 739 2552 sanquine
763 2470 850 2533 tttrnr
873 2472 979 2532 annoti
1001 2490 1116 2532 sumus.
1158 2469 1317 2549 Tanquam
1339 2471 1403 2533 onir

274 2580 319 2665 ati
339 2579 496 2641 victimam
519 2577 676 2638 adductus
699 2585 765 2649 est;
789 2577 923 2638 etaient
945 2594 1045 2655 opnor
1070 2595 1178 2637 corum
1197 2575 1347 2637 tondente
1361 2594 1401 2650 se,

273 2683 322 2744 sio
343 2701 408 2745 non
432 2683 557 2760 aperuit
578 2701 613 2743 os
636 2701 734 2744 suum.
781 2677 1046 2761 ⁴Supergrntutnri
1069 2697 1144 2760 ergo
1170 2678 1317 2741 debemus
1340 2679 1402 2741 Do·

274 2787 364 2863 mino,
389 2786 457 2865 qnia
481 2793 508 2847 ei
533 2788 691 2868 praeterita
715 2787 803 2849 nobis
828 2783 965 2860 ostendit,
990 2790 1019 2844 et
1041 2786 1192 2865 sapientes
1216 2782 1298 2862 fecit,
1323 2783 1402 2845 etde

276 2889 380 2952 suturis
403 2907 463 2952 non
488 2909 589 2962 sumus
612 2893 677 2952 sine
702 2890 862 2953 intellectu.
911 2888 986 2950 Dicit
1011 2895 1124 2949 anniam:
1160 2885 1260 2950 ⁵Non
1291 2890 1403 2968 injicrte

276 2995 443 3055 tenduntur
466 2996 547 3055 retia
570 2994 688 3057 nvibus.
734 2994 798 3056 Hoo
829 2994 915 3072 dicit,
950 2995 1017 3075 quin
1047 2997 1127 3077 juste
1159 2988 1284 3075 ⁶periet
1317 2995 1402 3058 homo

275 3097 390 3159 habens
413 3099 489 3159 viam
514 3099 654 3175 veritatis,
677 3099 840 3177 scientiam,
864 3107 894 3161 et
917 3117 951 3161 sa
974 3099 1054 3162 avin
1071 3099 1232 3160 terrebrosn
1248 3116 1310 3161 non
1328 3117 1402 3162 con·

276 3202 347 3264 tinet
379 3201 483 3264 adhue.
529 3201 565 3264 Et
599 3197 661 3264 ⁷ad
695 3202 753 3265 hoe
784 3204 927 3267 Dominus
958 3205 1097 3267 sustinuit
1128 3205 1187 3285 pati
1218 3221 1274 3286 pro
1309 3205 1401 3268 anirna

276 3315 396 3383 nostra,
426 3325 492 3368 unm
522 3309 560 3367 sit
589 3309 671 3370 orbis
695 3316 841 3371 terrarum
866 3310 1029 3386 Dominus,
1064 3311 1111 3371 cui
1136 3310 1209 3371 dixit
1231 3306 1312 3371 ⁸die
1335 3317 1401 3372 ante

276 3411 515 3472 constitutionem
528 3413 658 3474 saeculi:
676 3406 862 3476 9Γαοίαηηιε
874 3415 1026 3477 nominem
1041 3414 1084 3475 od
1096 3415 1259 3493 imnpinem
1271 3424 1302 3475 et
1314 3415 1400 3476 simi-

275 3514 438 3575 litudinem
452 3525 597 3578 nostram.
623 3517 780 3590 Quomodo
795 3538 870 3601 ergo
883 3520 1030 3596 sustinuit,
1043 3537 1109 3580 curu
1120 3519 1155 3579 ab
1168 3519 1338 3580 hominibus
1347 3519 1401 3582 hoc

273 3625 436 3697 poteretur,
461 3619 574 3681 discite.
612 3621 790 3701 Prophetae,
813 3626 849 3684 ab
874 3626 939 3705 ipso
963 3625 1109 3686 habentes
1133 3623 1254 3700 donum,
1277 3604 1400 3685 initium

276 3723 545 3803 proptretaverun13
578 3724 626 3785 itte
650 3731 763 3801 antem,
797 3735 827 3788 ut
850 3747 974 3789 vacuam
1007 3727 1119 3789 iaceret
1148 3735 1273 3788 mortem
1307 3734 1337 3789 et
1367 3727 1401 3788 de

275 3827 398 3885 mortuis
422 3827 673 3888 resurrectionem
699 3829 871 3889 ostenderet
894 3825 981 3911 (quin
1008 3832 1035 3894 in
1052 3850 1143 3892 curnu
1160 3832 1320 3911 oportebat
1337 3851 1400 3895 eum

275 3927 452 4011 anparere),
470 3932 618 4009 sustinuit,
634 3937 666 3991 ut
682 3934 860 4014 promissum
874 3936 1045 4014 parentibus
1059 3933 1210 4012 redderet,
1226 3941 1256 3996 ot
1270 3936 1336 4015 ipse
1349 3937 1400 3997 sibi

312 4115 338 4179 i)
351 4115 397 4167 Est
407 4117 563 4185 perfectum
575 4117 749 4182 Hierosolyma
758 4123 824 4171 enirn
887 4124 915 4191 5)
930 4121 1051 4175 Proverb.
1064 4121 1086 4185 i,
1101 4122 1139 4175 tr.
1158 4121 1228 4174 Haec
1241 4124 1274 4175 ad
1283 4128 1400 4179 arenam

271 4204 325 4269 jam
345 4213 399 4253 erat
418 4219 516 4253 eversa.
555 4201 607 4255 cn.
626 4220 647 4255 e.
667 4204 731 4255 xvt.
853 4209 1004 4262 dictasunt.

310 4290 338 4350 2)
359 4289 444 4342 ttrntr.
464 4288 513 4352 20,
538 4289 574 4341 16.
594 4290 642 4351 22,
666 4292 703 4341 Η.
743 4292 824 4344 Verba
887 4296 915 4357 6)
934 4296 1068 4348 Dierrnrttus
1097 4296 1162 4347 maie
1181 4299 1293 4349 correxit
1309 4302 1401 4365 peribit

273 4378 368 4441 ,pient
390 4379 520 4444 erriptum
545 4376 607 4429 eat“
631 4378 662 4427 ab
688 4378 825 4444 interprete
852 4397 897 4448 pro
914 4387 1007 4450 periet,
1027 4400 1084 4434 oum
1104 4399 1153 4435 non
1171 4383 1399 4454 hocurinunqnarn

273 4458 351 4509 latino
365 4460 448 4509 addita
461 4468 530 4526 putat
542 4464 657 4516 Credner
667 4461 744 4515 Beitr.
753 4464 772 4528 i,
782 4465 823 4515 28.
852 4468 958 4519 ulturum
978 4471 1002 4519 in
1022 4486 1067 4520 usu
1088 4470 1163 4520 inerit
1176 4485 1242 4520 aevo
1256 4472 1398 4537 posteriori.

309 4543 342 4608 3)
363 4544 419 4595 isai.
441 4547 487 4609 53,
507 4546 531 4597 5.
552 4549 575 4598 7.
852 4554 887 4604 lta
908 4563 933 4605 et
952 4554 1011 4606 aiibi
1025 4561 1137 4620 interiet,
1157 4560 1228 4609 erist
1240 4565 1268 4607 et
1280 4562 1397 4619 transiet,

308 4631 336 4689 tr
356 4630 426 4681 itanc
447 4631 478 4682 ad
498 4651 548 4686 nos
568 4632 666 4685 locutus
680 4644 718 4687 est
731 4636 822 4689 Domi·
852 4642 927 4691 etiarn
948 4642 1014 4708 apud
1034 4640 1169 4694 Tibuttum.
1205 4640 1286 4695 Vos's.

208 4729 211 4734 ·
273 4730 329 4777 uus,
349 4716 422 4767 nobis
442 4717 557 4769 ruvetnna
580 4730 684 4771 monem
704 4726 824 4788 expiato·
888 4730 915 4795 7)
935 4728 953 4778 1.
974 4746 997 4779 e.
1016 4728 1074 4795 πρὸς
1091 4733 1165 4777 τοῦτο
1185 4752 1220 4776 =
1239 4750 1332 4800 porro.

273 4802 333 4849 riam
348 4798 436 4853 Christi
457 4813 482 4854 ot
494 4805 552 4869 utin,
572 4821 637 4873 quae
655 4816 713 4857 aunt
726 4808 823 4873 tuturn3
885 4815 914 4880 8)
933 4813 992 4865 Scit.
1011 4827 1093 4883 puter.
1130 4819 1252 4868 Murano.
1291 4800 1295 4806 ’

272 4900 334 4951 ergo
359 4890 453 4951 gratias
478 4905 583 4958 agamus
609 4894 641 4943 ei.
684 4892 822 4962 Sequentia
885 4898 914 4967 9)
934 4898 1023 4951 Genea,
1047 4901 1130 4964 1,ἳ6.

272 4984 335 5020 varo
354 4976 469 5028 annuere
488 4984 545 5026 runt
565 4977 639 5029 dicta.
