3067 6450
391 1185 530 1239 senuna
549 1184 683 1239 PASTOR.
722 1185 855 1240 LIBERI.
893 1187 977 1242 VISIO
996 1190 1036 1245 III.
1213 1195 1273 1261 341

144 1368 164 1411 a
189 1347 278 1411 vobis
301 1346 527 1410 solllcitudinem
552 1348 579 1408 in
597 1347 732 1427 Domino,
757 1355 788 1411 et
810 1348 955 1412 conlusus
975 1359 1020 1414 est
1039 1370 1145 1416 sensus
1166 1361 1277 1432 vester,

145 1462 178 1516 et
195 1454 385 1516 inveterastis
402 1453 431 1513 in
448 1452 571 1529 tristitiis
589 1452 726 1514 vestrIs.“
767 1453 888 1531 ,Quare
905 1474 979 1537 ergo
996 1475 1088 1537 super
1107 1457 1277 1519 cathedram

145 1559 283 1636 sedebat,
306 1557 441 1619 volebam
466 1573 671 1638 cognoscere,
696 1557 859 1618 domine?“
905 1558 1086 1641 Respondit:
1117 1564 1277 1642 ,quoniam
1336 1630 1346 1651 Ι

146 1665 246 1728 omnis
269 1662 402 1725 inlirrnus
425 1680 516 1742 snper
540 1661 709 1722 cathedram
729 1661 813 1725 sedet
830 1671 952 1744 propter
967 1667 1165 1729 infirmitatem
1182 1686 1276 1748 suam,

146 1775 178 1832 ut
192 1769 381 1832 contineatur
392 1765 543 1828 infirmitas
559 1768 632 1847 ejus.
663 1765 742 1828 Ecce
756 1766 848 1829 babes
861 1768 985 1851 figuram
998 1772 1110 1851 primae
1123 1771 1276 1833 visIonis.“

235 1873 296 1935 XII.
336 1871 492 1952 „Secunda
515 1878 610 1934 aulem
635 1873 752 1934 visione
776 1872 875 1934 vidisti
898 1874 976 1935 illam
999 1881 1142 1953 stantem,
1171 1882 1201 1937 et
1220 1878 1276 1957 ju·

146 1977 276 2040 venilem
301 1976 407 2038 laciem
431 1976 596 2054 habentem,
621 1983 650 2037 et
666 1977 835 2040 hilariorem
856 1998 942 2059 quam
959 1981 1110 2060 pristmam
1119 2001 1128 2056 3
1153 1999 1276 2043 carnem

145 2089 246 2147 autem
262 2089 293 2146 et
307 2083 431 2164 capillos
446 2083 548 2144 aniles.
587 2081 675 2160 Audi,
700 2084 802 2163 iuquit,
824 2091 852 2146 et
868 2084 944 2146 banc
960 2085 1138 2166 parabolam.
1177 2084 1275 2159 Ouum

146 2189 255 2253 senior
273 2189 334 2270 J'am
358 2186 447 2248 luerit
470 2187 592 2267 aliquis,
624 2187 764 2267 desperat
793 2189 830 2250 de
853 2208 887 2251 se
911 2190 976 2269 ipso
1004 2195 1126 2271 propter
1148 2189 1276 2252 infirmi·

146 2300 237 2357 tatem
262 2312 344 2355 suam
368 2299 397 2354 et
418 2299 637 2374 paupertatem,
670 2300 700 2354 et
723 2293 794 2355 nibil
818 2294 896 2355 alind
921 2300 1089 2374 exspectat,
1117 2295 1172 2356 nisi
1197 2294 1275 2359 diem

146 2407 318 2461 extremum
339 2398 417 2459 vitae
440 2416 522 2459 suae.
567 2397 682 2459 Deinde
712 2400 810 2461 subito
840 2399 880 2461 illi
911 2400 1013 2461 relicta
1047 2407 1093 2461 est
1114 2399 1300 2479 bereditas,'

146 2511 177 2567 et
201 2504 324 2566 audiens
349 2504 500 2584 exsurgit,
531 2502 691 2584 nitarisque
721 2503 817 2566 lactus
847 2504 942 2566 induit
971 2505 1124 2581 virtutem;
1156 2511 1185 2566 et
1212 2505 1274 2586 jam

146 2627 209 2671 non
232 2607 396 2685 discumbit,
420 2608 474 2669 sed
497 2612 564 2684 stat,
587 2615 617 2669 et
640 2608 781 2671 liberatus
800 2615 846 2670 est
867 2629 883 2671 a
904 2610 1054 2690 prioribus
1076 2609 1273 2688 moeroribus,

146 2714 259 2796 etjam
282 2731 341 2774 non
365 2711 468 2791 sedet,
498 2712 551 2775 sed
575 2712 701 2775 vlriliter
724 2715 793 2796 agit.
839 2714 879 2776 lta
903 2721 932 2776 et
955 2732 1027 2792 vos,
1060 2715 1156 2776 audita
1180 2732 1274 2775 reve·

145 2818 270 2897 latione,
295 2835 380 2897 quam
401 2816 481 2879 Deus
505 2817 590 2879 vobis
613 2817 768 2879 revelavit.
813 2817 887 2892 Quia
909 2820 1047 2881 misertus
1067 2824 1113 2879 est
1130 2817 1274 2880 Dominus

147 2923 252 3001 vestri,
275 2929 306 2985 et
328 2923 484 2984 renovavit
506 2923 639 3003 spiritum
663 2929 811 3000 vestrum,
835 2930 866 2984 et
889 2909 1069 3004 deposuistis
1092 2920 1273 2983 ialirmitates

147 3035 283 3104 vestras3
313 3029 439 3089 accessit
462 3027 548 3089 vobis
572 3026 730 3105 fortitudo,
760 3030 790 3089 et
816 3026 979 3089 invaluistis
1003 3028 1032 3087 iu
1055 3026 1129 3103 lide,
1159 3029 1189 3086 et
1211 3025 1273 3117 visa¹

146 3133 230 3196 Deus
254 3131 427 3196 lortitudine
449 3139 550 3195 vestra
572 3133 695 3215 gavisus
720 3136 774 3191 est.
820 3130 944 3211 Propter
974 3130 1030 3193 boc
1062 3127 1275 3190 demonstravit

147 3239 235 3302 vobis
259 3245 435 3301 structuram
460 3238 564 3313 turris;
589 3244 618 3299 et
634 3237 688 3298 alia
706 3235 853 3313 ostendet,
877 3236 902 3296 si
922 3254 962 3297 ex
981 3243 1042 3298 toto
1063 3233 1154 3296 carde
1170 3249 1273 3315 pacem

147 3344 311 3408 habueritis
334 3343 412 3406 inter
434 3342 518 3408 vos.“

234 3447 312 3512 XIII.
359 3448 478 3528 ,Tertia
510 3454 607 3509 autam
631 3447 748 3510 visione
771 3444 869 3507 vidisti
892 3444 970 3507 illam
993 3442 1273 3523 adolescentiorem,

147 3555 304 3618 honestum
327 3560 358 3616 et
379 3552 519 3631 bilarem,
544 3559 574 3614 et
597 3571 736 3614 serenum
761 3550 872 3614 vultum
897 3552 971 3632 ejus.
1017 3549 1217 3624 sicutenim,
1245 3546 1272 3609 si

147 3660 233 3722 alicui
258 3649 375 3722 moesto
399 3659 609 3739 supervenerit
631 3657 751 3719 nuntius
775 3655 871 3717 bonus
895 3655 1017 3736 aliquis,
1045 3653 1141 3715 statim
1165 3651 1272 3714 oblilus

147 3773 192 3829 est
213 3764 372 3841 moeroris,
394 3762 525 3843 nibilque
548 3761 627 3824 aliud
651 3767 799 3841 expectat,
823 3762 879 3823 nisi
899 3758 1160 3833 annuntiationem,
1184 3774 1272 3836 quarn

147 3872 275 3948 audivit,
307 3875 337 3930 et
366 3865 550 3930 conlortatur
583 3867 621 3929 de
652 3874 771 3943 cetero,
804 3873 834 3927 et
863 3871 1025 3927 renovatur
1056 3863 1176 3944 spiritus
1206 3862 1271 3942 ejus

146 3982 271 4058 propter
294 3973 442 4056 gaudium,
466 3972 547 4053 quod
571 3974 704 4054 accepit;
732 3973 776 4034 sic
799 3978 828 4033 et
851 3989 906 4035 vos
929 3970 1155 4032 renovationem
1178 3986 1271 4029 acce-

145 4083 231 4164 pistis
255 4080 409 4160 spirituum
432 4085 612 4155 vestrorum,
640 4076 776 4139 videntes
800 4076 874 4138 baec
897 4077 984 4138 bona.
1030 4074 1066 4135 Et
1089 4074 1157 4153 quir
1181 4090 1273 4153 super

145 4183 321 4249 subsellium
343 4183 443 4246 vidisti
466 4181 629 4261 sedentem,
653 4180 739 4242 lortis
764 4182 872 4262 positio
896 4187 959 4257 est,
983 4180 1121 4259 quoniam
1145 4184 1272 4259 quatuor

144 4289 242 4373 pedes
272 4288 360 4351 babet
387 4285 575 4364 subsellium,
609 4294 638 4349 et
669 4287 785 4349 lortiler
808 4292 872 4347 stat.
918 4284 993 4347 Nam
1017 4290 1046 4345 et
1068 4283 1193 4346 mundus
1217 4301 1272 4365 per
1302 4367 1305 4372 Ι

145 4403 276 4478 quatuor
309 4393 456 4456 elementa
488 4394 665 4455 contiuetur.
712 4393 769 4465 Oui
802 4408 877 4473 ergo
911 4390 1122 4470 poenitentiam
1155 4388 1272 4467 egerint

147 4500 315 4582 ¹Integro,
339 4500 478 4582 junIorcs
509 4506 613 4576 erunt;
644 4506 674 4562 et
705 4500 755 4579 qui
786 4516 825 4559 ex
857 4501 919 4559 toto
943 4495 1036 4559 corde
1059 4494 1271 4576 poenitentiam

145 4605 285 4687 egerint,
318 4609 406 4667 erunt
440 4601 560 4666 tundat
614 4603 711 4666 llabes
730 4604 775 4684 ¹ln
809 4602 897 4682 pleno
932 4601 1161 4673 revelationem;
1199 4594 1270 4657 nibil

145 4708 272 4791 amplius
294 4707 428 4790 postules
452 4706 490 4769 de
511 4707 690 4772 revelandis.
721 4709 752 4771 Si
775 4707 846 4789 quid
865 4713 962 4770 autem
979 4704 1153 4786 oportuerit,
1175 4719 1266 4763 reve·

145 4816 257 4878 labitur
279 4813 360 4877 tibi.“

183 4954 212 5022 l)
231 4954 258 5006 la
284 4953 374 5007 eodlrc
395 4951 526 5007 tumbam
553 4951 626 5003 deest
650 4954 696 5005 ta-
724 4949 811 5018 paullo
825 4955 892 5016 past,
910 4945 942 4998 nd
956 4944 1154 4997 distinctionem:
1169 4959 1206 4997 aa
1218 4949 1270 4997 tcto
1319 5001 1326 5014 ,

148 5051 226 5113 repre
268 5040 301 5093 Et
327 5049 412 5108 recta,
439 5050 467 5094 ut
493 5039 610 5105 ridetur,
640 5054 697 5090 unm
725 5038 811 5092 corda
847 5038 980 5088 Gaurion.
