3067 6450
201 1170 228 1226 8.
248 1169 394 1241 toturn]
637 1169 892 1225 Pnotnoouarul.
1266 1176 1329 1229 XLV

201 1338 235 1398 ul
257 1333 388 1396 uirorum
412 1331 567 1395 doctorum
591 1331 734 1414 applausu
763 1330 793 1392 id
823 1332 953 1412 laceret,
984 1342 1016 1398 ut
1046 1336 1211 1414 neminem,
1242 1356 1330 1418 quem

200 1440 309 1518 sciam,
333 1440 468 1500 insuam
492 1437 624 1500 traheret
646 1437 838 1515 sententiam,
870 1438 970 1518 plures
994 1458 1086 1518 vero,
1113 1459 1147 1503 ra
1169 1441 1276 1503 iterum
1299 1444 1331 1505 in

199 1543 281 1606 litem
305 1549 419 1621 uocata,
443 1542 591 1605 brevioris
614 1541 800 1604 recensionis
824 1561 887 1603 rem
912 1549 1046 1626 agerent.
1090 1543 1257 1607 Laudemus
1282 1546 1330 1609 lrio

199 1648 235 1711 v.
275 1648 309 1709 D.
347 1647 540 1708 Biclardum
577 1647 675 1709 Rotlre
695 1641 722 1727 ¹)
762 1645 1068 1729 Heidelbergcnscm,
1113 1647 1330 1733 Aa·ndtium‘²)

197 1753 487 1834 Ratzeburgensem,
500 1750 651 1814 Bourium
665 1750 887 1832 l'ultingensem
899 1747 930 1835 ³)
947 1760 977 1815 et
988 1753 1184 1816 Fridcricum
1193 1755 1329 1818 noster-

200 1856 293 1921 diacla
316 1856 522 1918 llamelenscm
540 1853 581 1938 ⁴).

288 1960 418 2024 lleierus
440 1961 534 2022 tribus
557 1959 741 2041 potissimum
764 1962 947 2042 argumentis
970 1963 1148 2028 sententiam
1170 1982 1252 2028 suam
1276 1966 1330 2028 [ir-

201 2084 285 2131 mare
309 2072 432 2130 conalus
455 2071 510 2127 est.

289 2167 326 2254 a)
349 2171 381 2233 ln
404 2170 546 2248 breviori,
569 2170 671 2250 inquit,
695 2169 876 2232 recensione
892 2170 1023 2234 Nicaena
1040 2170 1077 2234 de
1092 2171 1207 2235 Deitatc
1223 2171 1331 2237 Christi

202 2278 338 2341 doctrina
362 2282 489 2354 tenetur,
513 2293 588 2358 ergo
612 2276 814 2338 Postnicaenis
839 2277 1020 2357 temporibus
1047 2283 1168 2339 exarata
1191 2284 1329 2358 putetur3

200 2383 322 2465 longior
345 2399 418 2443 vcro
442 2380 580 2442 recensio
604 2381 700 2442 minus
725 2380 858 2443 decisum
882 2380 919 2442 dc
943 2381 999 2443 hac
1021 2401 1055 2444 re
1079 2382 1196 2444 dicendi
1221 2401 1329 2465 genus,

199 2487 375 2571 apostolicis
406 2486 588 2567 temporibus
620 2503 805 2567 congruum,
837 2476 909 2567 prae
938 2503 973 2547 sc
1001 2484 1059 2548 lert
1091 2492 1121 2549 ct
1149 2493 1259 2549 servat.
1286 2521 1329 2531 —-

199 2594 312 2656 Verum
335 2591 432 2654 acrior
454 2591 608 2671 utriusque
630 2592 818 2653 recensionis
850 2592 994 2672 inspectio
1025 2588 1129 2670 docet,
1161 2592 1329 2674 longiorem

200 2715 323 2781 quoque
340 2696 535 2758 octiesdecics
552 2694 697 2756 Christum
713 2695 813 2756 Deum
829 2698 992 2774 nominare,
1017 2715 1081 2758 eam
1100 2698 1194 2778 magis
1210 2697 1329 2759 delinita
1362 2716 1366 2720 ·

200 2801 399 2881 depersoner
421 2800 544 2881 Spiritus
567 2799 661 2861 sancti
684 2799 784 2879 loqui,
813 2797 1000 2881 plenioriquc
1031 2798 1156 2863 formula
1180 2801 1329 2863 Trinitatis
1407 2879 1409 2883 ι

200 2924 271 2968 esse
294 2923 377 2967 usam
393 2901 442 2988 5);
475 2922 534 2986 quo
557 2902 607 2982 fit,
638 2909 668 2965 ut
697 2903 802 2965 merito
834 2905 1049 2985 posterioribus
1080 2907 1117 2967 sit
1147 2905 1329 2988 temporibus

200 3001 366 3074 uihuenda.

288 3110 328 3198 b)
352 3110 519 3176 Secundum
543 3120 749 3193 argumentum
771 3113 902 3177 Meicrus
926 3134 967 3177 cx
984 3114 1051 3198 styli
1073 3115 1246 3178 charactere
1269 3113 1329 3177 da-

200 3220 328 3303 promil,
359 3237 501 3298 monens,
533 3217 701 3280 breviorem
724 3221 935 3283 recensionem
963 3222 1107 3302 epitomes
1134 3202 1275 3283 deformis
1299 3226 1329 3281 et

202 3326 351 3390 obscurae
373 3322 454 3385 serre
477 3330 627 3400 naturam,
653 3323 701 3384 cui
724 3324 844 3406 longior
867 3330 949 3387 textu
972 3325 1087 3402 meliori
1114 3324 1211 3385 lumen
1236 3341 1328 3403 prae-

200 3430 276 3494 licre
307 3428 423 3490 debeat.
470 3427 528 3492 Sed
556 3434 659 3490 couitra
691 3427 791 3507 plures
822 3429 969 3510 longioris
1001 3428 1186 3491 recensionis
1219 3427 1279 3489 loci
1310 3444 1327 3489 a

200 3536 342 3599 breviora
375 3532 490 3595 demum
525 3533 715 3595 illustrantur.
769 3532 850 3594 lllam
884 3535 967 3615 justo
1006 3549 1075 3594 esse
1113 3531 1327 3611 loquaciorem,

202 3639 399 3719 dictionisque
423 3639 568 3720 grauitate
592 3654 713 3714 carcre,
747 3635 834 3698 facilc
865 3637 976 3700 videas.
1022 3636 1085 3699 Nec
1113 3638 1208 3698 minus
1238 3635 1327 3699 addi-

201 3750 328 3808 tamtnta
353 3745 457 3806 inertia
480 3748 509 3805 ct
532 3744 688 3805 citationes
710 3742 881 3823 supcrlluae
904 3751 933 3805 le
957 3742 1082 3826 fugient,
1106 3742 1213 3823 quilius
1230 3742 1327 3803 inter·

200 3850 317 3933 palatur
347 3851 510 3932 genuinum
543 3854 654 3909 textum
686 3865 799 3931 augere
828 3855 874 3911 est
904 3867 1004 3911 ausus.
1051 3848 1224 3910 Breviorcm
1253 3866 1326 3910 vero

200 3957 409 4020 recensionem
433 3971 520 4015 neruo
545 3953 692 4033 epitomen
716 3954 837 4034 putabit,
861 3956 910 4034 qui
927 3955 1109 4017 succinctum
1129 3959 1157 4014 et
1174 3954 1326 4014 concisum

200 4079 389 4139 sermonem,
421 4058 565 4140 grauibus
595 4058 751 4117 sententiis
782 4057 941 4137 relectum,
975 4057 1174 4140 grammaticis
1207 4057 1325 4136 quidem

200 4167 314 4249 regulis
348 4165 442 4226 minus
477 4162 656 4239 obnoxium,
691 4160 746 4223 sed
780 4162 889 4225 ardore
921 4163 1077 4243 scriptoris
1108 4159 1274 4222 [eruentem
1308 4178 1325 4220 a

200 4270 309 4353 lrigida
326 4268 459 4350 duraque
475 4271 603 4351 epitome
618 4266 713 4347 possit
728 4267 910 4330 discernere.
956 4265 1042 4340 Quod
1062 4264 1190 4346 deniqne
1212 4266 1325 4326 oluscu-

235 4493 263 4559 1)
283 4494 334 4546 llic
347 4492 462 4562 Anllnga
481 4493 526 4544 der
541 4492 634 4546 clariatl.
647 4491 747 4546 llirclra.
777 4491 939 4559 epistolarum
957 4492 1086 4544 authentia
1106 4499 1155 4542 etc.
1185 4486 1324 4541 Commen-

201 4580 369 4650 Witlenberg.
391 4580 465 4632 1837.
487 4598 511 4649 p.
531 4581 591 4632 739.
776 4582 837 4630 tatio
851 4578 984 4648 Gottingae
1002 4579 1116 4647 praemio
1134 4578 1206 4646 regio
1225 4583 1323 4640 ornata,

234 4669 263 4734 2)
282 4666 324 4720 ln:
347 4667 460 4720 Ulmanui
473 4667 544 4719 stud.
558 4675 583 4718 ct
596 4667 656 4722 ltria.
672 4665 746 4718 1838.
775 4682 800 4733 p.
819 4666 853 4716 20
865 4682 921 4734 sqq.

201 4772 226 4823 p.
246 4755 305 4808 136.
811 4756 840 4823 5)
859 4754 910 4806 cn.
931 4758 1021 4820 Arndt,
1042 4757 1081 4807 in:
1102 4756 1234 4809 Ullmaanaa'
1251 4749 1323 4805 siud.

235 4842 263 4905 3)
282 4839 660 4912 lithingzeitachr.lierhcol.
674 4840 747 4896 1838.
776 4852 825 4895 etc.
843 4841 918 4893 1839.
932 4859 956 4910 p.
973 4841 1122 4903 161-116;
1151 4841 1249 4901 llatae,
1267 4840 1323 4890 Aa·

202 4926 272 4981 Faac.
291 4929 334 4981 111.
353 4947 378 4998 p.
401 4930 460 4982 118.
776 4931 851 4999 lange
862 4938 911 4982 etc.
922 4929 1090 4996 pala-751
1104 4926 1323 4991 atoniacam,

233 5018 262 5082 1)
280 5021 473 5087 Ductcrdiacla,
502 5017 534 5072 dc
561 5016 748 5088 lgnatiauarum
775 5018 833 5071 lc.
851 5016 980 5091 patdaq.
999 5023 1026 5066 at
1044 5014 1085 5069 33.
