3067 6450
134 1163 164 1220 8.
184 1163 390 1237 tabanus]
571 1168 825 1226 ruotttaoutttta.
1182 1182 1261 1237 mx

135 1325 267 1404 monuit,
300 1335 526 1410 peropportuna
549 1329 589 1393 illi
612 1330 681 1394 loco
704 1334 860 1414 convenit,
891 1342 922 1399 et
951 1338 1139 1403 accomodari
1161 1347 1262 1423 potest

133 1430 167 1492 iu
190 1429 320 1512 Epistola
343 1431 381 1494 ad
404 1432 491 1495 linem
515 1433 704 1497 decurrente.

223 1536 257 1599 V.
301 1535 366 1600 Jam
389 1536 427 1599 de
450 1540 627 1620 intepritotc
651 1539 808 1627 dicendum
832 1550 887 1607 cst.

163 1635 201 1723 a)
224 1637 339 1703 Eodem
361 1659 439 1706 anno
459 1640 552 1723 1633,
576 1662 635 1725 quo
653 1645 778 1724 primum
795 1646 919 1727 epistola
937 1655 1038 1712 nostra
1056 1652 1133 1733 typis
1150 1654 1260 1736 vulga-

223 1744 318 1819 batur,
339 1744 426 1808 Hier.
442 1747 629 1828 Bipncrries,
653 1747 731 1811 lctus
747 1750 907 1829 Parisinus,
931 1753 1127 1837 integritatem
1148 1759 1214 1839 ejus
1230 1759 1260 1823 in

225 1848 344 1911 dubium
361 1836 489 1930 necavit,
512 1853 613 1933 plures
630 1853 779 1917 clausulas
796 1861 824 1917 et
841 1875 934 1919 voces
950 1860 1093 1941 epistolae
1108 1864 1260 1944 genuinae

222 1953 338 2019 additas
360 1975 430 2019 esse
454 1965 567 2038 putans.
613 1960 791 2021 Praesertim
808 1961 873 2024 viro
895 1962 1066 2028 doctissimo
1087 1965 1260 2047 displicebat

265 2057 305 2142 o)
329 2062 458 2123 narratio
482 2059 520 2124 de
543 2063 693 2126 Phoenice
715 2084 741 2128 c.
766 2059 828 2145 25,

264 2162 307 2248 β)
331 2163 497 2245 frequentia
522 2165 734 2248 Epithetorum,

268 2265 306 2351 y)
331 2287 394 2332 vox
414 2260 523 2341 laturis
545 2289 570 2332 c.
594 2269 646 2334 40.
670 2278 700 2334 ct

266 2369 306 2457 d)
329 2374 415 2437 locus
438 2377 541 2458 capitis
564 2376 623 2440 dt:
656 2377 706 2440 ubi
735 2378 863 2442 ecelesia
890 2378 1109 2446 Corinthiorum
1138 2375 1260 2467 α’ρχαία

329 2485 461 2542 vocatur.

220 2584 280 2665 ipsi
297 2586 451 2667 respondit
462 2585 552 2667 liupo
567 2586 695 2651 Grotius
707 2583 749 2672 ¹),
765 2589 842 2653 inter
854 2589 908 2652 alia
922 2608 1057 2670 monens,
1075 2588 1256 2656 Clementem

130 2690 199 2753 sine
223 2689 313 2753 dubio
344 2709 440 2772 aeque
469 2708 505 2751 ac
528 2697 679 2753 auctorem
703 2695 848 2774 epistolae
878 2695 916 2756 ad
937 2696 1091 2759 Hebraeos
1114 2716 1257 2778 graecum

130 2814 304 2859 sermonem
338 2815 378 2858 cx
412 2796 534 2859 eruditis
567 2799 737 2862 auctoribus
771 2799 925 2879 hausisse,
958 2800 1089 2883 ideoque
1125 2801 1256 2866 liberiori

132 2899 274 2979 dictione,
297 2920 367 2980 non,
392 2908 423 2964 ut
446 2920 510 2962 eam
533 2902 609 2982 npud
635 2903 850 2968 hebraizantes
873 2907 1050 2982 invenimus,
1074 2908 1103 2967 in
1119 2908 1256 2970 minutias

132 3007 264 3080 concise,
286 3006 340 3067 sed
364 3006 476 3087 largius
499 3005 611 3079 liuenti,
635 3027 719 3070 usum
743 3027 821 3072 csse.

222 3108 309 3183 Quod
333 3112 532 3173 narrationem
557 3110 594 3171 de
610 3110 759 3173 Ptmenice
776 3115 889 3190 attinet,
912 3112 960 3173 alii
977 3131 1098 3194 qnoque
1122 3119 1255 3176 veterum

133 3234 159 3277 e.
182 3234 211 3296 g.
237 3215 354 3279 Tacitus
378 3212 503 3300 (Annal.
528 3217 574 3295 Vl,
598 3213 669 3298 ab.)
695 3227 724 3281 et
736 3217 846 3281 Plinius
869 3216 922 3300 (ll.
938 3217 973 3280 N.
991 3218 1049 3297 Vll,
1065 3214 1116 3282 49.
1133 3215 1207 3296 ΧΙΙΙ,
1225 3212 1254 3282 0.

131 3318 239 3396 ΧΧΙΧ,
262 3315 311 3404 9.)
334 3321 430 3384 eidem
454 3321 569 3383 tabulae
593 3321 680 3384 srdem
703 3323 857 3386 habebant.

220 3423 383 3488 Ecclesium
408 3425 628 3490 Corinthiorum
646 3428 708 3507 jem
732 3445 749 3488 a
774 3425 943 3503 Clemente,
970 3432 1109 3506 respectu
1132 3425 1254 3487 aliarum
1348 3463 1350 3468 -

131 3529 337 3610 ecclesiarum,
359 3519 492 3612 ἀρχαίαν
513 3531 655 3611 appellari
678 3533 832 3611 potuisse,
855 3548 943 3592 neruo
968 3531 1096 3611 negabit.

218 3634 355 3716 Denique
378 3635 416 3697 de
440 3652 515 3698 voce
538 3629 644 3706 λαῖκός
666 3653 744 3715 quae
774 3633 900 3697 dicende
929 3640 1015 3713 sunt,
1046 3634 1076 3695 in
1107 3631 1186 3694 notis
1217 3629 1253 3694 ad

130 3757 156 3801 c.
181 3733 234 3801 40.
256 3739 402 3820 reperies.
1093 3816 1095 3821 Α

178 3840 217 3927 b)
242 3843 336 3925 Supra
348 3863 375 3926 p.
384 3843 478 3908 xxvt
490 3843 629 3918 diximus,
642 3843 824 3906 Clementem
837 3838 1071 3902 Alexandrinum
1084 3837 1172 3900 multa
1185 3837 1254 3920 epl-

240 3949 335 4012 stelae
352 3957 473 4011 nostroe
489 3952 583 4029 capita
599 3945 648 4029 (1.
666 3944 782 4009 9-12.
802 3942 850 4009 tt.
870 3942 917 4007 18.
935 3941 986 4007 21.
1002 3940 1053 4005 22.
1070 3940 1119 4006 36.
1138 3940 1188 4006 38.
1202 3940 1252 4006 40.

240 4052 292 4119 41.
308 4051 359 4117 48.
375 4051 426 4117 49.
443 4050 495 4117 50.
512 4051 563 4116 51.
585 4048 669 4132 dt),
693 4055 773 4112 tecto
796 4048 919 4112 Romani
943 4048 1102 4111 Clementis
1125 4048 1253 4127 nomine,

241 4158 449 4238 excerpsisse,
488 4162 519 4217 et
547 4155 718 4217 abbreviata
749 4154 825 4216 libro
856 4160 962 4234 quarte
992 4154 1169 4216 Stromalom
1203 4153 1252 4214 in-

240 4263 373 4324 termisse
389 4257 430 4343 ¹²).
475 4259 646 4321 Eduarduc
678 4275 751 4319 nero
783 4256 966 4319 Bernerdrrs
995 4263 1024 4318 et
1054 4256 1195 4318 Clericus
1222 4257 1251 4318 in

239 4372 366 4445 utraque
389 4362 658 4426 Amstelodamensi
674 4361 861 4424 coteleriana
885 4361 1015 4423 editione
1034 4361 1150 4423 l’ntrum
1174 4377 1252 4440 apo-

240 4468 413 4544 stolicorum
437 4467 673 4548 suspicabantur,
703 4482 807 4529 omnes
830 4464 886 4528 lios
908 4465 994 4528 locos
1017 4462 1252 4527 Alexandrinum

238 4574 335 4654 ipsum
356 4571 468 4634 babere
490 4577 657 4649 auctorem,
688 4590 705 4634 e
736 4573 821 4654 cujus
852 4571 930 4634 libro
953 4570 1157 4651 interpolatam
1182 4589 1273 4633 esse.

239 4683 371 4741 nostram
395 4676 548 4758 epistolam
571 4675 761 4740 contendunt.

215 4781 276 4845 lllis
297 4781 427 4845 accessit
446 4777 638 4843 Laurentina
662 4780 813 4844 lloalrcim
835 4779 869 4841 V.
892 4778 923 4841 C.
939 4775 982 4861 ³).
1025 4776 1084 4858 lpsi
1113 4775 1190 4839 enim
1220 4775 1250 4837 in

164 4917 195 4983 1)
219 4915 293 4986 Apud
318 4885 427 4972 coteler.
446 4915 513 4968 Patr.
533 4925 615 4985 apost.
635 4917 676 4969 ed.
739 4917 767 4979 2)
788 4914 839 4967 Cir.
858 4914 921 4967 intra
939 4930 964 4982 p.
983 4914 1025 4964 66.
1045 4920 1095 4963 not.
1115 4912 1139 4962 2.

126 5002 223 5058 cleric.
243 5003 319 5057 1724.
337 5002 364 5056 t.
378 5002 398 5055 1.
418 5018 443 5072 p.
457 5002 506 5054 1³3
523 5019 562 5073 aq.
738 5002 769 5072 3)
787 4996 1248 5067 luatitbirtchr.majorerp.2lqu.
