3067 6450
373 1210 565 1273 IIAIII'IIIIUII
584 1220 610 1272 S.
629 1219 820 1276 rouretum.
840 1223 916 1279 xvu.
934 1224 1021 1285 XVIII.
1106 1254 1109 1259 ·
1196 1232 1257 1297 291

131 1394 256 1459 scopus.
302 1355 397 1443 Omne
421 1381 498 1444 enim
523 1384 656 1463 verbum,
679 1383 760 1465 quod
777 1403 832 1449 ore
847 1404 903 1450 suo
921 1387 1026 1466 emisit,
1047 1395 1098 1451 aut
1113 1389 1262 1471 impletum
1373 1456 1375 1461 .

132 1488 254 1546 estant
277 1483 454 1564 implebitur.
1267 1505 1269 1511 '

245 1674 331 1738 XVII.
377 1674 544 1756 Polycarpi
568 1693 684 1757 corpus
709 1677 901 1741 (brictionis
923 1700 985 1743 oon
1009 1684 1153 1748 traditur.

224 1795 282 1860 Sed
313 1814 379 1858 cum
409 1797 542 1860 aemulus
572 1798 623 1861 illa
654 1805 684 1860 et
714 1800 833 1862 invidus
862 1809 892 1863 et
914 1803 1024 1881 malus,
1052 1805 1264 1886 justorumque

132 1903 242 1985 generi
267 1899 457 1980 ¹aduersus,
481 1903 599 1986 insigne
622 1902 700 1965 illius
724 1906 895 1987 martyrium
918 1915 1075 1987 cerneret,
1100 1927 1264 1991 moresque

133 2009 172 2070 ab
195 2008 316 2070 ineunte
339 2015 436 2070 aetate
463 2008 712 2089 irreprehensos,
744 2016 774 2072 et
805 2029 872 2073 eum
903 2029 1015 2075 corona
1041 2013 1263 2094 immortalitatis

132 2119 321 2192 coronatum,
344 2113 568 2193 praemiumque
585 2114 651 2176 sina
666 2116 873 2179 controversia
895 2122 1117 2198 reportantem3
1141 2136 1264 2198 operam

134 2216 234 2295 dedit,
267 2235 305 2280 na
328 2217 474 2298 reliquiae
497 2219 564 2300 ejus
587 2236 604 2281 a
628 2220 715 2283 nobis
737 2216 982 2298 ²aufferrenlur‚
1014 2222 1150 2303 quamvis
1181 2222 1264 2284 multi

133 2320 164 2383 id
189 2314 291 2384 licere
315 2329 344 2384 et
367 2329 471 2386 sancto
488 2323 567 2385 illius
583 2341 712 2405 corpore
729 2326 888 2406 participes
904 2325 970 2388 lieri
985 2332 1137 2406 cuperent.
1180 2327 1263 2409 Suq·

133 2428 231 2512 gessit
254 2445 329 2513 ergo
352 2425 488 2490 diabolus
503 2427 636 2505 Nicetae,
659 2427 787 2491 Herodis
806 2430 891 2509 patri,
915 2429 998 2492 tratri
1019 2437 1117 2492 autem
1138 2427 1263 2510 ³Alces‚

134 2531 220 2595 adire
247 2530 472 2613 proconsulem,
501 2550 540 2594 ne
571 2551 680 2614 corpus
710 2534 789 2596 illius
819 2534 856 2595 ad
888 2534 1091 2615 sepeliendum
1114 2535 1263 2597 traderet:

133 2656 191 2715 ne,
224 2638 332 2718 inquit,
363 2637 473 2699 relicto
504 2621 674 2717 crucifixo,
707 2638 791 2699 bana
820 2639 925 2701 colera
955 2640 1119 2720 incipiant.
1164 2640 1265 2719 Atque

134 2742 211 2805 baec
234 2740 381 2819 dicebant,
405 2741 639 2825 suggerentibus
663 2749 692 2803 et
716 2740 893 2806 instantibus
912 2743 1045 2822 ludaeis,
1068 2745 1119 2825 qui
1142 2762 1264 2825 quoque

135 2846 375 2910 observaverant
397 2862 464 2924 nos,
488 2862 527 2906 ex
550 2844 621 2927 igne
644 2863 712 2907 eum
734 2854 943 2924 extracturos3
967 2848 1079 2931 ignari,
1103 2849 1183 2931 quod
1208 2867 1264 2912 uec

121 2948 294 3031 Christum,
318 2950 368 3030 qui
390 2967 445 3030 pro
469 2948 565 3012 salute
587 2949 726 3028 omnium,
749 2953 799 3031 qui
824 2951 853 3013 in
876 2958 938 3015 toto
958 2952 1068 3015 mundo
1088 2952 1162 3013 salvi
1183 2952 1263 3031 fient,

134 3068 243 3138 passus
267 3061 314 3118 est
338 3050 545 3136 [⁴inculpatus
565 3071 621 3134 pro
640 3049 876 3136 peccatoribus],
899 3073 1028 3134 unquam
1053 3055 1263 3135 derelinquere

134 3146 438 3242 poterimus,'neque
461 3157 548 3219 alium
572 3174 748 3240 quemquam
773 3157 884 3219 colere.
929 3156 1013 3231 lliqm
1040 3160 1136 3236 enim,
1161 3161 1263 3239 utpote

134 3266 225 3330 lilium
249 3264 305 3327 bat
327 3262 500 3341 adoramus;
525 3270 671 3346 martyres
694 3280 770 3326 vero
794 3267 940 3342 tamquam
964 3261 1080 3323 Domini
1104 3260 1264 3342 discipulos

134 3376 165 3433 et
186 3370 357 3433 imitatores
387 3365 495 3431 merito
525 3367 690 3451 diligimus,
721 3374 847 3449 propter
877 3365 995 3429 illorum
1026 3366 1163 3428 eximiam
1191 3383 1264 3449 erga

133 3493 241 3559 regem
271 3491 307 3535 ac
336 3472 509 3555 magistrum
538 3489 624 3534 suum
654 3471 913 3548 benevolentiam3
944 3488 1071 3551 quorum
1101 3470 1210 3533 utInam
1234 3475 1265 3533 et

134 3597 191 3644 nos
214 3579 319 3643 flamm
342 3575 528 3641 ⁵consortes
550 3593 587 3638 ae
608 3576 814 3660 condIseipuli.

252 3770 353 3834 XVIII.
398 3768 567 3852 Polycarpi
591 3786 707 3847 corpas
730 3757 930 3831 combaiitar.
976 3766 1147 3848 Reliquiae.

222 3892 336 3956 videns
370 3899 469 3954 autem
502 3885 667 3953 ⁶canmri0
697 3908 714 3952 a
744 3889 868 3953 ludaeis
903 3896 999 3953 ortam
1031 3888 1264 3966 contentionem,

134 4014 247 4080 corpus
270 3998 299 4060 in
323 3994 420 4059 medio
453 3995 531 4076 ignis
562 3995 690 4074 positum
719 3995 844 4056 exussit.
889 3994 990 4074 Atque
1019 3993 1058 4055 ita
1081 4008 1137 4055 nos
1159 3998 1264 4073 postea

116 4119 206 4166 ,ossa
236 4101 315 4164 ibina
344 4100 469 4184 mamis
497 4098 721 4180 pretiosissimis
753 4093 950 4179 exquisitiora
982 4104 1012 4160 et
1040 4116 1132 4179 super
1161 4115 1273 4159 aurum·

134 4206 308 4287 probatiora
330 4204 487 4281 tollentes,
511 4203 560 4265 ubi
583 4201 724 4282 decebat,
756 4202 957 4283 deposuimus.
978 4212 983 4220 ·
1002 4202 1069 4275 Ouo
1094 4202 1181 4263 etiam
1204 4202 1264 4264 loci
1348 4283 1351 4292 Ι

133 4310 239 4389 noble,
269 4314 302 4372 ut
329 4309 394 4372 lieri
425 4307 551 4389 poterit,
582 4307 612 4369 in
643 4307 842 4371 exsultatione
874 4312 904 4367 et
926 4304 1036 4389 gaudio
1060 4306 1265 4389 congregatis,

134 4414 280 4478 Dominus
303 4414 475 4495 praebebit,
505 4410 632 4474 nantem
651 4413 787 4492 martyrii
811 4411 876 4492 ejus
899 4410 977 4472 dlem
1000 4410 1173 4487 celebrare,
1205 4414 1265 4470 tum

166 4621 198 4688 4)
216 4617 378 4692 Parantbaaiq
402 4620 449 4671 ista
475 4632 558 4688 nequa
582 4619 608 4670 in
626 4616 683 4669 Eu·
745 4617 775 4682 5)
800 4615 837 4669 Ita
864 4615 1024 4669 Jacobaonaa
1052 4631 1068 4666 a
1096 4612 1155 4666 cod.
1183 4609 1262 4664 Paria.

133 4706 206 4760 sabio
219 4706 336 4772 babetur,
351 4722 433 4776 nequa
446 4708 470 4759 in
484 4706 585 4771 Iiulino,
599 4721 683 4773 nequa
711 4703 785 4771 Vulg.
803 4701 936 4760 κοινωνούς.

133 4795 160 4846 in
183 4801 275 4856 vetare
300 4801 388 4846 nostro
408 4792 559 4860 Interpreta.
590 4796 683 4844 Usssa.
746 4790 775 4855 6)
795 4788 882 4843 Codex
906 4788 1015 4841 vindob.
1042 4801 1133 4839 rocem
1158 4779 1263 4833 ἑκατόν-

133 4879 288 4949 Interpolata
313 4879 391 4932 inissa
417 4879 518 4933 videtur
542 4895 556 4930 a
580 4879 683 4931 librario
711 4896 800 4944 ταρχος
816 4893 867 4929 non
886 4878 1008 4944 agnoscit
1035 4876 1180 4925 Jacoasor.

133 4969 264 5037 quopiam,
276 4968 321 5036 qul
333 4968 359 5019 iu
371 4967 456 5019 culmo
468 4964 683 5019 babebatll’atr.
747 4966 777 5029 7)
802 4963 941 5016 Articulum
968 4978 983 5013 a
1010 4953 1099 5012 cadica
1127 4957 1263 5012 Vindobo-

134 5052 161 5122 3,
181 5053 223 5108 18.
251 5058 397 5123 Jaooaaox.
711 5052 784 5104 nansi
803 5050 912 5103 restituit
928 5047 1095 5102 lacobaonus.

642 5144 646 5154 ·
983 5132 1054 5171 aon
