3067 6450
470 1182 491 1236 1.
511 1181 694 1237 chattaeus
713 1183 758 1237 ΑΙ)
779 1184 852 1239 COR.
870 1187 934 1240 xxt.
1223 1199 1265 1262 85

146 1431 219 1495 m.
270 1429 517 1507 Obtemperentus
538 1431 624 1507 Deo,
649 1450 713 1493 non
735 1434 903 1497 seditionis
924 1438 1122 1515 auctoribus,
1154 1460 1192 1501 nc
1215 1442 1266 1503 in·

187 1554 315 1596 numeru
340 1535 425 1596 iilius
449 1534 596 1614 beneficio
618 1536 708 1598 nobie
732 1538 763 1597 iu
790 1542 1076 1604 condemnationem
1103 1546 1222 1606 cedant.

583 1639 835 1703 Adiortutionea.

229 1758 356 1840 Videte,
380 1760 723 1839 ditecti,uebenei1cia
747 1765 830 1845 ejus,
855 1783 931 1844 quae
956 1767 1043 1828 muita
1067 1777 1152 1846 sunt,
1180 1771 1267 1833 nobis

144 1866 282 1928 omnibus
312 1866 341 1927 iu
373 1865 648 1928 condemnationem
681 1866 805 1944 cedant,
839 1870 894 1929 uisi
927 1869 1017 1950 digne
1050 1870 1099 1931 iilo
1132 1874 1267 1935 viventes

142 1973 221 2033 bona
251 1976 281 2032 et
310 1978 432 2052 accepta
460 1972 488 2031 in
520 1977 682 2050 conspectu
712 1971 777 2051 ejus
808 1991 873 2033 cum
902 1972 1064 2035 concordia
1098 1974 1265 2039 fecerimus.

143 2076 221 2137 utcu
245 2075 323 2137 euim
341 2074 465 2137 alicubi:
490 2072 645 2153 'spiritns
659 2074 789 2135 Domini
805 2076 934 2136 lucerna
949 2084 1096 2138 scrutetur
1116 2097 1269 2141 cauernae

143 2179 272 2240 centris.
317 2177 563 2254 ConsideremuS,
587 2196 674 2257 quam
697 2196 793 2259 prope
816 2181 870 2257 sit,
897 2187 926 2240 et
951 2179 1030 2259 quod
1055 2183 1268 2262 cogitationum

143 2289 312 2345 nostrarum
336 2288 365 2343 et
387 2283 620 2362 coiioquiorum,
653 2301 729 2361 quiae
754 2283 912 2359 titubemus,
943 2283 1013 2345 nihii
1045 2284 1139 2364 ipsum
1171 2285 1268 2347 lateat.

142 2386 282 2466 Aequum
313 2392 359 2447 est
389 2386 496 2467 igitur,
526 2394 556 2447 ut
580 2404 639 2448 uon
663 2387 754 2447 simus
778 2386 951 2470 transfugae
974 2407 990 2448 a
1016 2388 1167 2450 uoluntate
1192 2390 1268 2471 ejus.

142 2492 286 2554 Homines
314 2490 420 2552 stutrns
453 2498 482 2550 et
512 2491 702 2571 insipientes,
735 2491 830 2553 elatos
855 2491 935 2552 etin
961 2494 1109 2554 sermonis
1132 2493 1178 2554 sui
1197 2495 1269 2575 jac·
1363 2480 1365 2485 ’

143 2596 234 2659 tantia
264 2594 448 2676 gloriantes,
481 2596 579 2675 potius
611 2612 695 2673 quam
727 2595 838 2674 Dcuru,
872 2596 1064 2659 offendamus.
1110 2597 1267 2659 Dominum

141 2701 246 2762 tesam
264 2699 420 2776 Christum,
446 2699 530 2780 eujus
553 2699 676 2779 sarrguis
700 2718 755 2781 pro
780 2701 865 2761 nobis
889 2699 974 2761 datus
999 2708 1053 2777 est,
1078 2720 1267 2781 veneremur,

143 2801 156 2840 ²
170 2804 360 2885 praepositos
384 2810 504 2865 nostros
527 2820 739 2879 revereamur,
770 2805 907 2865 seniores
932 2812 1051 2867 nostros
1075 2805 1267 2884 honoremus,

140 2911 272 2989 juvenes
295 2909 324 2969 iu
348 2908 501 2989 disciplina
532 2907 645 2967 timoris
670 2906 723 2966 [tei
756 2907 941 2985 erudiamus,
975 2905 1115 2971 ³uxores
1149 2917 1267 2972 nostras

143 3010 178 3072 ad
203 3010 253 3089 id,
277 3010 356 3090 quod
379 3013 487 3073 bonum
513 3018 574 3087 cst,
608 3009 779 3091 dirigamus.
825 3011 975 3073 [innutritos
1000 3014 1140 3074 castitatis
1165 3031 1267 3075 mores

143 3114 319 3192 ostendant,
350 3133 451 3196 puram
483 3123 512 3177 et
542 3117 688 3176 sincerem
720 3115 952 3177 mausuetudinis
983 3134 1056 3177 suae
1086 3117 1267 3178 uoluntatem
1362 3130 1367 3138 ·

144 3218 359 3296 demonstrent,
382 3218 503 3301 liuguae
526 3238 598 3282 suae
623 3218 858 3282 moderationum
883 3218 985 3282 ⁴voce
1009 3219 1192 3281 manifestam
1218 3219 1266 3282 ta-

143 3325 238 3401 ciant,
270 3322 440 3386 charitatem
469 3341 551 3385 suum
583 3320 676 3384 ⁵stne
708 3341 903 3403 personarum
933 3325 1106 3403 acceptione
1131 3324 1267 3384 omnibus

143 3427 238 3489 Deum
262 3435 366 3490 sancte
389 3428 558 3490 timentibus
581 3427 734 3507 aequalem
759 3427 927 3488 extribeant.
966 3426 1064 3487 Liberi
1086 3427 1176 3486 vestri
1201 3426 1266 3487 dis·

142 3533 271 3614 cipiinae
292 3533 400 3595 Christi
423 3533 580 3615 participes
604 3533 678 3604 sint;
703 3532 832 3608 discant,
857 3536 996 3611 quantum
1019 3528 1164 3590 humilitas
1187 3528 1265 3609 apud

143 3637 238 3699 Deum
263 3636 378 3714 valeat,
409 3637 478 3717 quid
502 3645 581 3699 casta
605 3637 732 3699 charitas
756 3636 834 3718 apud
860 3637 950 3697 Deum
976 3635 1086 3715 possit,
1119 3633 1266 3713 ‹proruat-

142 3740 263 3804 modum
285 3741 373 3804 timor
395 3744 461 3824 ejus
484 3743 580 3805 bouus
604 3751 649 3823 est
677 3748 706 3803 et
737 3758 879 3823 maguus,
910 3756 1036 3801 servans
1061 3755 1181 3813 omncs,
1217 3738 1267 3816 quii

142 3847 171 3908 in
194 3845 263 3926 ipso
287 3851 390 3907 sancte
414 3852 570 3908 versantur
588 3848 617 3909 iu
635 3866 706 3929 pura
724 3854 831 3909 urente.
866 3842 942 3907 ⁶Est
960 3845 1037 3908 enim
1055 3843 1267 3924 cogitationum

143 3957 172 4011 et
194 3949 389 4012 consiliorum
412 3950 516 4011 mentis
540 3956 705 4028 scrutator,
729 3954 814 4032 cujus
838 3950 958 4030 spiritus
982 3955 1027 4009 est
1051 3948 1078 4008 in
1105 3946 1191 4007 nobis
1199 3965 1208 4020 3
1238 3950 1267 4005 et

143 4071 233 4136 quum
257 4053 397 4132 voluerit,
422 4048 562 4117 ⁷uuieret
586 4072 660 4115 eum.

144 4322 263 4382 etruprn
282 4329 304 4365 c.
326 4313 348 4366 1.
373 4329 398 4380 p.
418 4312 459 4364 5⁴.
479 4311 536 4364 Not.
556 4313 580 4363 2.
618 4310 690 4363 Ube-
719 4310 877 4362 multitudine
906 4310 1047 4361 Lcicorum
1076 4305 1266 4373 intelligendam

143 4403 192 4452 rior
224 4400 258 4452 de
287 4397 335 4451 hnc
361 4414 390 4450 ra
421 4398 558 4466 disputavit
584 4402 689 4452 Tuaen·
719 4414 785 4448 esse.

143 4491 237 4542 nicaen
266 4488 344 4548 (zuei
372 4484 428 4537 hist.
457 4485 535 4536 theol.
564 4481 688 4534 Abhaud-
753 4483 781 4543 3)
807 4480 900 4533 Simitie
926 4486 1011 4529 monet
1036 4481 1204 4546 Potpcnrpna
1232 4474 1265 4525 ed

142 4573 250 4643 langen,
268 4571 341 4624 Trica
361 4570 457 4638 1841),
480 4585 601 4621 moneor:
627 4589 688 4631 προ·
718 4568 781 4620 Phil.
801 4583 822 4617 c.
842 4567 866 4616 t.

142 4657 437 4727 prouutromrigniflcare
448 4665 609 4725 praesentem
620 4659 689 4725 ttpt-
753 4657 782 4717 t)
800 4654 873 4717 Σιγῆς
890 4648 970 4700 Ctem.
990 4648 1061 4699 Alex.

143 4765 253 4817 scopum
272 4743 459 4798 Corinthiorum
480 4751 507 4793 et
527 4757 690 4796 successores
752 4742 780 4802 5)
800 4736 851 4788 Cir.
872 4736 957 4787 iiim.
977 4736 1003 4798 5,
1022 4735 1064 4785 21.

143 4832 210 4898 ejus,
236 4847 330 4886 vocem
354 4833 525 4896 πρεσβυτίρους
548 4836 632 4879 autem
658 4827 690 4877 de
752 4825 782 4893 a)
802 4822 853 4873 etr.
873 4821 950 4873 Hebe.
970 4822 994 4883 d,
1016 4821 1055 4870 12.

143 4919 250 4989 collegio
284 4919 523 4986 Prutytcrorunr,
559 4917 622 4964 niae.-
657 4912 689 4963 de
753 4913 781 4970 7)
800 4909 836 4961 tta
857 4912 964 4969 ttnrrffi
984 4901 1058 4952 cirr'tn
1078 4907 1167 4954 tt'orr.
