<?xml version="1.0" encoding="UTF-8"?>
<!DOCTYPE html PUBLIC "-//W3C//DTD XHTML 1.0 Transitional//EN"
    "http://www.w3.org/TR/xhtml1/DTD/xhtml1-transitional.dtd">
<html xmlns="http://www.w3.org/1999/xhtml" xml:lang="en" lang="en">
 <head>
  <title>
</title>
<meta http-equiv="Content-Type" content="text/html;charset=utf-8" />
  <meta name='ocr-system' content='tesseract 3.04.00' />
  <meta name='ocr-capabilities' content='ocr_page ocr_carea ocr_par ocr_line ocrx_word'/>
</head>
<body>
  <div class='ocr_page' id='page_1' title='image "./patrumapostolic01hefegoog_0413.png"; bbox 0 0 3067 6450; ppageno 0'>
   <div class='ocr_carea' id='block_1_1' title="bbox 395 1172 1276 1247">
    <p class='ocr_par' dir='ltr' id='par_1_1' title="bbox 395 1172 1276 1247">
     <span class='ocr_line' id='line_1_1' title="bbox 395 1172 1276 1247; baseline 0.01 -19"><span class='ocrx_word' id='word_1_1' title='bbox 395 1172 588 1229; x_wconf 72' lang='lat' dir='ltr'>stammas</span> <span class='ocrx_word' id='word_1_2' title='bbox 608 1173 633 1228; x_wconf 80' lang='lat' dir='ltr'>S.</span> <span class='ocrx_word' id='word_1_3' title='bbox 654 1172 845 1231; x_wconf 78' lang='lat' dir='ltr'><strong>POLYCARPI.</strong></span> <span class='ocrx_word' id='word_1_4' title='bbox 863 1175 894 1228; x_wconf 70' lang='lat' dir='ltr'>V.</span> <span class='ocrx_word' id='word_1_5' title='bbox 914 1175 956 1229; x_wconf 78' lang='lat' dir='ltr'>Vi.</span> <span class='ocrx_word' id='word_1_6' title='bbox 976 1176 1028 1232; x_wconf 79' lang='lat' dir='ltr'>tlt.</span> <span class='ocrx_word' id='word_1_7' title='bbox 1211 1181 1276 1247; x_wconf 78' lang='grc'>279</span> 
     </span>
    </p>
   </div>
   <div class='ocr_carea' id='block_1_2' title="bbox 146 1336 1278 1843">
    <p class='ocr_par' dir='ltr' id='par_1_2' title="bbox 146 1336 1278 1843">
     <span class='ocr_line' id='line_1_2' title="bbox 146 1336 1278 1425; baseline 0.001 -21"><span class='ocrx_word' id='word_1_8' title='bbox 146 1338 227 1404; x_wconf 90' lang='lat' dir='ltr'>atiud</span> <span class='ocrx_word' id='word_1_9' title='bbox 252 1355 357 1422; x_wconf 78' lang='lat' dir='ltr'>agens,</span> <span class='ocrx_word' id='word_1_10' title='bbox 380 1337 439 1401; x_wconf 87' lang='lat' dir='ltr'>nisi</span> <span class='ocrx_word' id='word_1_11' title='bbox 461 1336 541 1418; x_wconf 85' lang='lat' dir='ltr'>quod</span> <span class='ocrx_word' id='word_1_12' title='bbox 565 1342 666 1400; x_wconf 87' lang='lat' dir='ltr'>oraret</span> <span class='ocrx_word' id='word_1_13' title='bbox 688 1354 744 1420; x_wconf 93' lang='lat' dir='ltr'>pro</span> <span class='ocrx_word' id='word_1_14' title='bbox 768 1336 917 1400; x_wconf 85' lang='lat' dir='ltr'>universis</span> <span class='ocrx_word' id='word_1_15' title='bbox 938 1344 969 1400; x_wconf 90' lang='lat' dir='ltr'>et</span> <span class='ocrx_word' id='word_1_16' title='bbox 989 1356 1044 1420; x_wconf 93' lang='lat' dir='ltr'>pro</span> <span class='ocrx_word' id='word_1_17' title='bbox 1065 1341 1200 1404; x_wconf 81' lang='lat' dir='ltr'>omnibus</span> <span class='ocrx_word' id='word_1_18' title='bbox 1221 1359 1278 1425; x_wconf 90' lang='lat' dir='ltr'>per</span> 
     </span>
     <span class='ocr_line' id='line_1_3' title="bbox 148 1440 1277 1525; baseline -0.001 -17"><span class='ocrx_word' id='word_1_19' title='bbox 148 1444 254 1509; x_wconf 90' lang='lat' dir='ltr'>orbem</span> <span class='ocrx_word' id='word_1_20' title='bbox 293 1442 448 1518; x_wconf 81' lang='lat' dir='ltr'>ecclesiis3</span> <span class='ocrx_word' id='word_1_21' title='bbox 487 1440 567 1523; x_wconf 83' lang='lat' dir='ltr'>quod</span> <span class='ocrx_word' id='word_1_22' title='bbox 602 1441 657 1522; x_wconf 90' lang='lat' dir='ltr'>ipsi</span> <span class='ocrx_word' id='word_1_23' title='bbox 693 1448 757 1503; x_wconf 88' lang='lat' dir='ltr'>erat</span> <span class='ocrx_word' id='word_1_24' title='bbox 790 1441 934 1504; x_wconf 82' lang='lat' dir='ltr'><strong>solemne.</strong></span> <span class='ocrx_word' id='word_1_25' title='bbox 990 1442 1026 1505; x_wconf 85' lang='lat' dir='ltr'>Et</span> <span class='ocrx_word' id='word_1_26' title='bbox 1063 1464 1129 1508; x_wconf 93' lang='lat' dir='ltr'>cum</span> <span class='ocrx_word' id='word_1_27' title='bbox 1167 1451 1277 1525; x_wconf 88' lang='lat' dir='ltr'>oraret,</span> 
     </span>
     <span class='ocr_line' id='line_1_4' title="bbox 147 1543 1277 1631; baseline -0.001 -17"><span class='ocrx_word' id='word_1_28' title='bbox 147 1550 247 1614; x_wconf 85' lang='lat' dir='ltr'>triduo</span> <span class='ocrx_word' id='word_1_29' title='bbox 279 1553 435 1628; x_wconf 85' lang='lat' dir='ltr'>antequam</span> <span class='ocrx_word' id='word_1_30' title='bbox 467 1543 790 1628; x_wconf 64' lang='lat' dir='ltr'>comprehenderetur,</span> <span class='ocrx_word' id='word_1_31' title='bbox 824 1546 900 1609; x_wconf 92' lang='lat' dir='ltr'>visio</span> <span class='ocrx_word' id='word_1_32' title='bbox 931 1546 959 1609; x_wconf 92' lang='lat' dir='ltr'>ei</span> <span class='ocrx_word' id='word_1_33' title='bbox 990 1548 1112 1629; x_wconf 80' lang='lat' dir='ltr'>obtigit,</span> <span class='ocrx_word' id='word_1_34' title='bbox 1144 1550 1277 1631; x_wconf 83' lang='lat' dir='ltr'>viditque</span> 
     </span>
     <span class='ocr_line' id='line_1_5' title="bbox 147 1648 1277 1731; baseline 0.002 -16"><span class='ocrx_word' id='word_1_35' title='bbox 147 1651 278 1716; x_wconf 79' lang='lat' dir='ltr'>cervical</span> <span class='ocrx_word' id='word_1_36' title='bbox 306 1669 393 1715; x_wconf 88' lang='lat' dir='ltr'>suum</span> <span class='ocrx_word' id='word_1_37' title='bbox 422 1649 562 1714; x_wconf 85' lang='lat' dir='ltr'>incendio</span> <span class='ocrx_word' id='word_1_38' title='bbox 593 1648 793 1731; x_wconf 80' lang='lat' dir='ltr'>conflagrans.</span> <span class='ocrx_word' id='word_1_39' title='bbox 838 1648 875 1713; x_wconf 82' lang='lat' dir='ltr'>Et</span> <span class='ocrx_word' id='word_1_40' title='bbox 907 1669 1073 1716; x_wconf 87' lang='lat' dir='ltr'>conversus</span> <span class='ocrx_word' id='word_1_41' title='bbox 1107 1651 1143 1717; x_wconf 91' lang='lat' dir='ltr'>ad</span> <span class='ocrx_word' id='word_1_42' title='bbox 1175 1655 1277 1718; x_wconf 83' lang='lat' dir='ltr'>socius</span> 
     </span>
     <span class='ocr_line' id='line_1_6' title="bbox 147 1751 975 1843; baseline -0.006 -22"><span class='ocrx_word' id='word_1_43' title='bbox 147 1757 323 1843; x_wconf 71' lang='lat' dir='ltr'>prophetice</span> <span class='ocrx_word' id='word_1_44' title='bbox 347 1755 436 1818; x_wconf 79' lang='lat' dir='ltr'>dixit:</span> <span class='ocrx_word' id='word_1_45' title='bbox 460 1762 582 1835; x_wconf 83' lang='lat' dir='ltr'>oportet</span> <span class='ocrx_word' id='word_1_46' title='bbox 603 1771 650 1814; x_wconf 88' lang='lat' dir='ltr'>me</span> <span class='ocrx_word' id='word_1_47' title='bbox 672 1755 776 1815; x_wconf 81' lang='lat' dir='ltr'>nicom</span> <span class='ocrx_word' id='word_1_48' title='bbox 802 1751 975 1817; x_wconf 70' lang='lat' dir='ltr'>&#39;combure</span> 
     </span>
    </p>
   </div>
   <div class='ocr_carea' id='block_1_3' title="bbox 190 1945 1233 2029">
    <p class='ocr_par' dir='ltr' id='par_1_3' title="bbox 190 1945 1233 2029">
     <span class='ocr_line' id='line_1_7' title="bbox 190 1945 1233 2029; baseline 0.002 -20"><span class='ocrx_word' id='word_1_49' title='bbox 190 1946 239 2009; x_wconf 85' lang='lat' dir='ltr'>Vl.</span> <span class='ocrx_word' id='word_1_50' title='bbox 283 1945 477 2029; x_wconf 72' lang='lat' dir='ltr'>Polycarpus</span> <span class='ocrx_word' id='word_1_51' title='bbox 501 1965 522 2008; x_wconf 86' lang='lat' dir='ltr'>c</span> <span class='ocrx_word' id='word_1_52' title='bbox 544 1947 670 2007; x_wconf 83' lang='lat' dir='ltr'>serenio</span> <span class='ocrx_word' id='word_1_53' title='bbox 689 1945 847 2027; x_wconf 84' lang='lat' dir='ltr'>proditur.</span> <span class='ocrx_word' id='word_1_54' title='bbox 888 1945 1031 2011; x_wconf 68' lang='lat' dir='ltr'>herodes</span> <span class='ocrx_word' id='word_1_55' title='bbox 1053 1948 1233 2011; x_wconf 84' lang='lat' dir='ltr'>irenarcho.</span> 
     </span>
    </p>
   </div>
   <div class='ocr_carea' id='block_1_4' title="bbox 144 2069 1285 2990">
    <p class='ocr_par' dir='ltr' id='par_1_4' title="bbox 144 2069 1285 2990">
     <span class='ocr_line' id='line_1_8' title="bbox 236 2069 1277 2151; baseline 0.001 -19"><span class='ocrx_word' id='word_1_56' title='bbox 236 2069 415 2133; x_wconf 89' lang='lat' dir='ltr'>instantibus</span> <span class='ocrx_word' id='word_1_57' title='bbox 439 2077 537 2132; x_wconf 93' lang='lat' dir='ltr'>autem</span> <span class='ocrx_word' id='word_1_58' title='bbox 563 2070 609 2149; x_wconf 92' lang='lat' dir='ltr'>iis,</span> <span class='ocrx_word' id='word_1_59' title='bbox 634 2071 683 2149; x_wconf 90' lang='lat' dir='ltr'>qui</span> <span class='ocrx_word' id='word_1_60' title='bbox 706 2069 890 2151; x_wconf 76' lang='lat' dir='ltr'>quaerebant</span> <span class='ocrx_word' id='word_1_61' title='bbox 913 2076 990 2148; x_wconf 84' lang='lat' dir='ltr'>eu&#39;m,</span> <span class='ocrx_word' id='word_1_62' title='bbox 1016 2070 1046 2133; x_wconf 88' lang='lat' dir='ltr'>in</span> <span class='ocrx_word' id='word_1_63' title='bbox 1070 2071 1155 2134; x_wconf 83' lang='lat' dir='ltr'>etiam</span> <span class='ocrx_word' id='word_1_64' title='bbox 1179 2070 1277 2135; x_wconf 88' lang='lat' dir='ltr'>vittam</span> 
     </span>
     <span class='ocr_line' id='line_1_9' title="bbox 146 2173 1277 2256; baseline 0.001 -19"><span class='ocrx_word' id='word_1_65' title='bbox 146 2175 303 2256; x_wconf 74' lang='lat' dir='ltr'>migravit;</span> <span class='ocrx_word' id='word_1_66' title='bbox 333 2180 364 2236; x_wconf 91' lang='lat' dir='ltr'>et</span> <span class='ocrx_word' id='word_1_67' title='bbox 394 2175 490 2237; x_wconf 91' lang='lat' dir='ltr'>statim</span> <span class='ocrx_word' id='word_1_68' title='bbox 522 2173 646 2237; x_wconf 89' lang='lat' dir='ltr'>aderant</span> <span class='ocrx_word' id='word_1_69' title='bbox 676 2175 894 2256; x_wconf 79' lang='lat' dir='ltr'>exploratores.</span> <span class='ocrx_word' id='word_1_70' title='bbox 941 2174 1073 2256; x_wconf 84' lang='lat' dir='ltr'>Cumque</span> <span class='ocrx_word' id='word_1_71' title='bbox 1104 2177 1184 2239; x_wconf 92' lang='lat' dir='ltr'>ittum</span> <span class='ocrx_word' id='word_1_72' title='bbox 1216 2193 1277 2238; x_wconf 91' lang='lat' dir='ltr'>non</span> 
     </span>
     <span class='ocr_line' id='line_1_10' title="bbox 147 2277 1285 2361; baseline -0.002 -19"><span class='ocrx_word' id='word_1_73' title='bbox 147 2279 343 2361; x_wconf 91' lang='lat' dir='ltr'>reperissent,</span> <span class='ocrx_word' id='word_1_74' title='bbox 366 2277 442 2343; x_wconf 92' lang='lat' dir='ltr'>duos</span> <span class='ocrx_word' id='word_1_75' title='bbox 465 2278 604 2342; x_wconf 79' lang='lat' dir='ltr'>servulos</span> <span class='ocrx_word' id='word_1_76' title='bbox 628 2278 927 2359; x_wconf 88' lang='lat' dir='ltr'>comprehenderunt,</span> <span class='ocrx_word' id='word_1_77' title='bbox 951 2298 1077 2361; x_wconf 87' lang='lat' dir='ltr'>quorum</span> <span class='ocrx_word' id='word_1_78' title='bbox 1100 2279 1184 2358; x_wconf 86' lang='lat' dir='ltr'>atter,</span> <span class='ocrx_word' id='word_1_79' title='bbox 1208 2285 1285 2341; x_wconf 89' lang='lat' dir='ltr'>tor-.</span> 
     </span>
     <span class='ocr_line' id='line_1_11' title="bbox 147 2380 1277 2467; baseline 0.003 -22"><span class='ocrx_word' id='word_1_80' title='bbox 147 2384 254 2446; x_wconf 90' lang='lat' dir='ltr'>mentis</span> <span class='ocrx_word' id='word_1_81' title='bbox 277 2382 431 2462; x_wconf 87' lang='lat' dir='ltr'>subditus,</span> <span class='ocrx_word' id='word_1_82' title='bbox 454 2381 614 2446; x_wconf 78' lang='lat' dir='ltr'>confessus</span> <span class='ocrx_word' id='word_1_83' title='bbox 637 2390 691 2445; x_wconf 80' lang='lat' dir='ltr'>est</span> <span class='ocrx_word' id='word_1_84' title='bbox 737 2380 950 2467; x_wconf 80' lang='lat' dir='ltr'>¹tmpossibite</span> <span class='ocrx_word' id='word_1_85' title='bbox 976 2392 1073 2450; x_wconf 91' lang='lat' dir='ltr'>autem</span> <span class='ocrx_word' id='word_1_86' title='bbox 1097 2391 1161 2447; x_wconf 90' lang='lat' dir='ltr'>erat</span> <span class='ocrx_word' id='word_1_87' title='bbox 1182 2385 1277 2448; x_wconf 86' lang='lat' dir='ltr'>latere</span> 
     </span>
     <span class='ocr_line' id='line_1_12' title="bbox 146 2485 1275 2572; baseline 0.003 -22"><span class='ocrx_word' id='word_1_88' title='bbox 146 2489 254 2570; x_wconf 90' lang='lat' dir='ltr'>ipsum,</span> <span class='ocrx_word' id='word_1_89' title='bbox 276 2507 343 2551; x_wconf 89' lang='lat' dir='ltr'>cum</span> <span class='ocrx_word' id='word_1_90' title='bbox 366 2487 537 2570; x_wconf 86' lang='lat' dir='ltr'>proditores</span> <span class='ocrx_word' id='word_1_91' title='bbox 560 2487 714 2551; x_wconf 88' lang='lat' dir='ltr'>domestici</span> <span class='ocrx_word' id='word_1_92' title='bbox 738 2491 804 2572; x_wconf 90' lang='lat' dir='ltr'>ejus</span> <span class='ocrx_word' id='word_1_93' title='bbox 828 2495 938 2553; x_wconf 80' lang='lat' dir='ltr'>essent</span> <span class='ocrx_word' id='word_1_94' title='bbox 984 2485 1166 2553; x_wconf 84' lang='lat' dir='ltr'>³1renarcha</span> <span class='ocrx_word' id='word_1_95' title='bbox 1189 2505 1275 2570; x_wconf 88' lang='lat' dir='ltr'>vero,</span> 
     </span>
     <span class='ocr_line' id='line_1_13' title="bbox 146 2582 1275 2676; baseline 0.001 -21"><span class='ocrx_word' id='word_1_96' title='bbox 146 2592 198 2655; x_wconf 87' lang='lat' dir='ltr'>ret</span> <span class='ocrx_word' id='word_1_97' title='bbox 227 2589 462 2672; x_wconf 81' lang='lat' dir='ltr'>¹cleronomus,</span> <span class='ocrx_word' id='word_1_98' title='bbox 496 2591 576 2674; x_wconf 84' lang='lat' dir='ltr'>quod</span> <span class='ocrx_word' id='word_1_99' title='bbox 607 2592 685 2656; x_wconf 92' lang='lat' dir='ltr'>idem</span> <span class='ocrx_word' id='word_1_100' title='bbox 717 2591 852 2657; x_wconf 84' lang='lat' dir='ltr'>¹munus</span> <span class='ocrx_word' id='word_1_101' title='bbox 882 2602 945 2676; x_wconf 88' lang='lat' dir='ltr'>est,</span> <span class='ocrx_word' id='word_1_102' title='bbox 978 2595 1097 2659; x_wconf 88' lang='lat' dir='ltr'>nomine</span> <span class='ocrx_word' id='word_1_103' title='bbox 1125 2582 1275 2674; x_wconf 83' lang='lat' dir='ltr'>Herodes,</span> 
     </span>
     <span class='ocr_line' id='line_1_14' title="bbox 146 2696 1276 2780; baseline 0.003 -21"><span class='ocrx_word' id='word_1_104' title='bbox 146 2698 178 2761; x_wconf 90' lang='lat' dir='ltr'>in</span> <span class='ocrx_word' id='word_1_105' title='bbox 207 2697 331 2759; x_wconf 85' lang='lat' dir='ltr'>stadium</span> <span class='ocrx_word' id='word_1_106' title='bbox 363 2697 441 2761; x_wconf 90' lang='lat' dir='ltr'>ittum</span> <span class='ocrx_word' id='word_1_107' title='bbox 471 2696 583 2759; x_wconf 91' lang='lat' dir='ltr'>ducere</span> <span class='ocrx_word' id='word_1_108' title='bbox 614 2699 810 2780; x_wconf 85' lang='lat' dir='ltr'>properabat,</span> <span class='ocrx_word' id='word_1_109' title='bbox 842 2706 874 2762; x_wconf 90' lang='lat' dir='ltr'>ut</span> <span class='ocrx_word' id='word_1_110' title='bbox 901 2699 949 2762; x_wconf 87' lang='lat' dir='ltr'>hic</span> <span class='ocrx_word' id='word_1_111' title='bbox 975 2705 1086 2762; x_wconf 83' lang='lat' dir='ltr'>sortem</span> <span class='ocrx_word' id='word_1_112' title='bbox 1109 2717 1192 2762; x_wconf 89' lang='lat' dir='ltr'>suam</span> <span class='ocrx_word' id='word_1_113' title='bbox 1216 2701 1276 2762; x_wconf 91' lang='lat' dir='ltr'>im·</span> 
     </span>
     <span class='ocr_line' id='line_1_15' title="bbox 146 2800 1276 2887; baseline 0.004 -24"><span class='ocrx_word' id='word_1_114' title='bbox 146 2800 260 2883; x_wconf 87' lang='lat' dir='ltr'>pteret,</span> <span class='ocrx_word' id='word_1_115' title='bbox 290 2800 398 2864; x_wconf 85' lang='lat' dir='ltr'>Christi</span> <span class='ocrx_word' id='word_1_116' title='bbox 429 2819 557 2866; x_wconf 90' lang='lat' dir='ltr'>consors</span> <span class='ocrx_word' id='word_1_117' title='bbox 588 2801 683 2866; x_wconf 85' lang='lat' dir='ltr'>iactus</span> <span class='ocrx_word' id='word_1_118' title='bbox 691 2826 701 2880; x_wconf 83' lang='lat'>3</span> <span class='ocrx_word' id='word_1_119' title='bbox 733 2805 905 2886; x_wconf 89' lang='lat' dir='ltr'>proditores</span> <span class='ocrx_word' id='word_1_120' title='bbox 935 2803 1154 2868; x_wconf 75' lang='lat' dir='ltr'>carentonae</span> <span class='ocrx_word' id='word_1_121' title='bbox 1182 2804 1276 2887; x_wconf 85' lang='lat' dir='ltr'>ipsius</span> 
     </span>
     <span class='ocr_line' id='line_1_16' title="bbox 144 2892 914 2990; baseline -0.003 -19"><span class='ocrx_word' id='word_1_122' title='bbox 144 2923 263 2990; x_wconf 88' lang='lat' dir='ltr'>poenas</span> <span class='ocrx_word' id='word_1_123' title='bbox 285 2906 429 2970; x_wconf 83' lang='lat' dir='ltr'>subeunti</span> <span class='ocrx_word' id='word_1_124' title='bbox 911 2892 914 2899; x_wconf 65' lang='grc'><strong>’</strong></span> 
     </span>
    </p>
   </div>
   <div class='ocr_carea' id='block_1_5' title="bbox 304 3095 1115 3181">
    <p class='ocr_par' dir='ltr' id='par_1_5' title="bbox 304 3095 1115 3181">
     <span class='ocr_line' id='line_1_17' title="bbox 304 3095 1115 3181; baseline 0.005 -22"><span class='ocrx_word' id='word_1_125' title='bbox 304 3095 362 3159; x_wconf 82' lang='grc'><strong>1111.</strong></span> <span class='ocrx_word' id='word_1_126' title='bbox 407 3096 598 3181; x_wconf 76' lang='lat' dir='ltr'>Polycarpus</span> <span class='ocrx_word' id='word_1_127' title='bbox 622 3118 643 3162; x_wconf 85' lang='lat' dir='ltr'>a</span> <span class='ocrx_word' id='word_1_128' title='bbox 664 3100 922 3178; x_wconf 77' lang='lat' dir='ltr'>persecutoribus</span> <span class='ocrx_word' id='word_1_129' title='bbox 951 3101 1115 3163; x_wconf 83' lang='lat' dir='ltr'>inuenitur.</span> 
     </span>
    </p>
   </div>
   <div class='ocr_carea' id='block_1_6' title="bbox 146 3217 1274 3513">
    <p class='ocr_par' dir='ltr' id='par_1_6' title="bbox 146 3217 1274 3513">
     <span class='ocr_line' id='line_1_18' title="bbox 234 3217 1273 3304; baseline 0.001 -23"><span class='ocrx_word' id='word_1_130' title='bbox 234 3217 385 3282; x_wconf 87' lang='lat' dir='ltr'>Habentes</span> <span class='ocrx_word' id='word_1_131' title='bbox 407 3238 483 3302; x_wconf 80' lang='lat' dir='ltr'>ergo</span> <span class='ocrx_word' id='word_1_132' title='bbox 506 3221 682 3304; x_wconf 87' lang='lat' dir='ltr'>puerulum,</span> <span class='ocrx_word' id='word_1_133' title='bbox 714 3219 788 3284; x_wconf 83' lang='lat' dir='ltr'>teria</span> <span class='ocrx_word' id='word_1_134' title='bbox 812 3228 915 3301; x_wconf 82' lang='lat' dir='ltr'>sexta,</span> <span class='ocrx_word' id='word_1_135' title='bbox 942 3222 997 3286; x_wconf 84' lang='lat' dir='ltr'>sub</span> <span class='ocrx_word' id='word_1_136' title='bbox 1022 3222 1124 3285; x_wconf 90' lang='lat' dir='ltr'>horam</span> <span class='ocrx_word' id='word_1_137' title='bbox 1147 3237 1273 3299; x_wconf 89' lang='lat' dir='ltr'>coenae,</span> 
     </span>
     <span class='ocr_line' id='line_1_19' title="bbox 146 3313 1273 3421; baseline 0.002 -36"><span class='ocrx_word' id='word_1_138' title='bbox 146 3324 266 3405; x_wconf 81' lang='lat' dir='ltr'>egressi</span> <span class='ocrx_word' id='word_1_139' title='bbox 288 3329 356 3387; x_wconf 91' lang='lat' dir='ltr'>sunt</span> <span class='ocrx_word' id='word_1_140' title='bbox 378 3331 591 3405; x_wconf 88' lang='lat' dir='ltr'>persecutores</span> <span class='ocrx_word' id='word_1_141' title='bbox 615 3332 645 3388; x_wconf 91' lang='lat' dir='ltr'>et</span> <span class='ocrx_word' id='word_1_142' title='bbox 667 3327 783 3407; x_wconf 88' lang='lat' dir='ltr'>equites</span> <span class='ocrx_word' id='word_1_143' title='bbox 803 3313 1037 3421; x_wconf 70' lang='lat' dir='ltr'>cum&#39;consuetis</span> <span class='ocrx_word' id='word_1_144' title='bbox 1053 3326 1152 3404; x_wconf 88' lang='lat' dir='ltr'>armis,</span> <span class='ocrx_word' id='word_1_145' title='bbox 1175 3319 1273 3387; x_wconf 73' lang='lat' dir='ltr'>‘toa-</span> 
     </span>
     <span class='ocr_line' id='line_1_20' title="bbox 146 3429 1274 3513; baseline 0 -22"><span class='ocrx_word' id='word_1_146' title='bbox 146 3448 239 3509; x_wconf 76' lang='lat' dir='ltr'>quarn</span> <span class='ocrx_word' id='word_1_147' title='bbox 267 3429 418 3493; x_wconf 81' lang='lat' dir='ltr'>aduersus</span> <span class='ocrx_word' id='word_1_148' title='bbox 433 3430 604 3509; x_wconf 48' lang='lat' dir='ltr'>‚latronem</span> <span class='ocrx_word' id='word_1_149' title='bbox 630 3432 874 3513; x_wconf 73' lang='lat' dir='ltr'>proficiscentes.</span> <span class='ocrx_word' id='word_1_150' title='bbox 919 3430 955 3493; x_wconf 88' lang='lat' dir='ltr'>Et</span> <span class='ocrx_word' id='word_1_151' title='bbox 985 3431 1040 3493; x_wconf 93' lang='lat' dir='ltr'>sub</span> <span class='ocrx_word' id='word_1_152' title='bbox 1070 3430 1274 3512; x_wconf 81' lang='lat' dir='ltr'>vespertinum</span> 
     </span>
    </p>
   </div>
   <div class='ocr_carea' id='block_1_7' title="bbox 145 3526 1318 4242">
    <p class='ocr_par' dir='ltr' id='par_1_7' title="bbox 145 3526 1318 4242">
     <span class='ocr_line' id='line_1_21' title="bbox 146 3526 1273 3618; baseline 0.003 -24"><span class='ocrx_word' id='word_1_153' title='bbox 146 3538 263 3613; x_wconf 84' lang='lat' dir='ltr'>tempus</span> <span class='ocrx_word' id='word_1_154' title='bbox 288 3526 514 3614; x_wconf 82' lang='lat' dir='ltr'>¹aduenientcs,</span> <span class='ocrx_word' id='word_1_155' title='bbox 538 3536 616 3599; x_wconf 88' lang='lat' dir='ltr'>ilium</span> <span class='ocrx_word' id='word_1_156' title='bbox 640 3531 695 3598; x_wconf 88' lang='lat' dir='ltr'>⁸in</span> <span class='ocrx_word' id='word_1_157' title='bbox 716 3535 866 3618; x_wconf 89' lang='lat' dir='ltr'>superiori</span> <span class='ocrx_word' id='word_1_158' title='bbox 888 3534 1023 3598; x_wconf 82' lang='lat' dir='ltr'>cubiculo</span> <span class='ocrx_word' id='word_1_159' title='bbox 1039 3553 1150 3618; x_wconf 90' lang='lat' dir='ltr'>parvae</span> <span class='ocrx_word' id='word_1_160' title='bbox 1165 3535 1273 3614; x_wconf 62' lang='lat' dir='ltr'>cujus⁴</span> 
     </span>
     <span class='ocr_line' id='line_1_22' title="bbox 146 3634 1274 3721; baseline 0.003 -24"><span class='ocrx_word' id='word_1_161' title='bbox 146 3634 214 3698; x_wconf 93' lang='lat' dir='ltr'>dam</span> <span class='ocrx_word' id='word_1_162' title='bbox 238 3635 343 3699; x_wconf 90' lang='lat' dir='ltr'>domus</span> <span class='ocrx_word' id='word_1_163' title='bbox 366 3636 599 3703; x_wconf 86' lang='lat' dir='ltr'>discumbentem</span> <span class='ocrx_word' id='word_1_164' title='bbox 622 3641 802 3702; x_wconf 87' lang='lat' dir='ltr'>invenerunt</span> <span class='ocrx_word' id='word_1_165' title='bbox 810 3660 818 3716; x_wconf 91' lang='lat'>;</span> <span class='ocrx_word' id='word_1_166' title='bbox 850 3638 929 3702; x_wconf 92' lang='lat' dir='ltr'>unde</span> <span class='ocrx_word' id='word_1_167' title='bbox 957 3639 986 3700; x_wconf 91' lang='lat' dir='ltr'>in</span> <span class='ocrx_word' id='word_1_168' title='bbox 1017 3638 1096 3702; x_wconf 85' lang='lat' dir='ltr'>atiud</span> <span class='ocrx_word' id='word_1_169' title='bbox 1119 3637 1274 3721; x_wconf 83' lang='lat' dir='ltr'>praedium</span> 
     </span>
     <span class='ocr_line' id='line_1_23' title="bbox 146 3738 1273 3824; baseline 0.004 -23"><span class='ocrx_word' id='word_1_170' title='bbox 146 3740 231 3803; x_wconf 86' lang='lat' dir='ltr'>abire</span> <span class='ocrx_word' id='word_1_171' title='bbox 252 3746 383 3823; x_wconf 90' lang='lat' dir='ltr'>poterat,</span> <span class='ocrx_word' id='word_1_172' title='bbox 406 3741 461 3806; x_wconf 92' lang='lat' dir='ltr'>sed</span> <span class='ocrx_word' id='word_1_173' title='bbox 484 3744 594 3821; x_wconf 88' lang='lat' dir='ltr'>notuit,</span> <span class='ocrx_word' id='word_1_174' title='bbox 622 3743 740 3807; x_wconf 89' lang='lat' dir='ltr'>dicens:</span> <span class='ocrx_word' id='word_1_175' title='bbox 765 3738 850 3824; x_wconf 67' lang='grc' dir='ltr'>’βαι</span> <span class='ocrx_word' id='word_1_176' title='bbox 870 3745 1016 3807; x_wconf 81' lang='lat' dir='ltr'>uoluntas</span> <span class='ocrx_word' id='word_1_177' title='bbox 1041 3739 1068 3781; x_wconf 89' lang='lat'>¹⁰</span> <span class='ocrx_word' id='word_1_178' title='bbox 1082 3743 1151 3805; x_wconf 84' lang='lat' dir='ltr'>Dei.</span> <span class='ocrx_word' id='word_1_179' title='bbox 1198 3741 1273 3806; x_wconf 85' lang='lat' dir='ltr'>Cum</span> 
     </span>
     <span class='ocr_line' id='line_1_24' title="bbox 149 3842 1271 3928; baseline 0.003 -21"><span class='ocrx_word' id='word_1_180' title='bbox 149 3842 174 3882; x_wconf 88' lang='lat'>¹¹</span> <span class='ocrx_word' id='word_1_181' title='bbox 190 3862 265 3908; x_wconf 88' lang='lat' dir='ltr'>vero</span> <span class='ocrx_word' id='word_1_182' title='bbox 288 3865 342 3910; x_wconf 91' lang='lat' dir='ltr'>eos</span> <span class='ocrx_word' id='word_1_183' title='bbox 365 3846 515 3911; x_wconf 88' lang='lat' dir='ltr'>adstantes</span> <span class='ocrx_word' id='word_1_184' title='bbox 538 3848 670 3912; x_wconf 89' lang='lat' dir='ltr'>audisset</span> <span class='ocrx_word' id='word_1_185' title='bbox 700 3868 735 3912; x_wconf 91' lang='lat' dir='ltr'>ac</span> <span class='ocrx_word' id='word_1_186' title='bbox 761 3848 984 3928; x_wconf 84' lang='lat' dir='ltr'>descendisset,</span> <span class='ocrx_word' id='word_1_187' title='bbox 1014 3867 1080 3911; x_wconf 92' lang='lat' dir='ltr'>cum</span> <span class='ocrx_word' id='word_1_188' title='bbox 1104 3849 1148 3910; x_wconf 90' lang='lat' dir='ltr'>eis</span> <span class='ocrx_word' id='word_1_189' title='bbox 1171 3847 1271 3911; x_wconf 88' lang='lat' dir='ltr'>culto·</span> 
     </span>
     <span class='ocr_line' id='line_1_25' title="bbox 146 3952 1274 4034; baseline 0.003 -23"><span class='ocrx_word' id='word_1_190' title='bbox 146 3956 233 4012; x_wconf 89' lang='lat' dir='ltr'>cutus</span> <span class='ocrx_word' id='word_1_191' title='bbox 262 3957 325 4030; x_wconf 88' lang='lat' dir='ltr'>est,</span> <span class='ocrx_word' id='word_1_192' title='bbox 357 3952 528 4014; x_wconf 90' lang='lat' dir='ltr'>mirantibus</span> <span class='ocrx_word' id='word_1_193' title='bbox 558 3953 620 4030; x_wconf 89' lang='lat' dir='ltr'>iis,</span> <span class='ocrx_word' id='word_1_194' title='bbox 646 3954 695 4034; x_wconf 91' lang='lat' dir='ltr'>qui</span> <span class='ocrx_word' id='word_1_195' title='bbox 725 3953 867 4031; x_wconf 90' lang='lat' dir='ltr'>aderant,</span> <span class='ocrx_word' id='word_1_196' title='bbox 899 3959 1025 4015; x_wconf 88' lang='lat' dir='ltr'>aetatem</span> <span class='ocrx_word' id='word_1_197' title='bbox 1053 3953 1119 4034; x_wconf 70' lang='lat' dir='ltr'>eius</span> <span class='ocrx_word' id='word_1_198' title='bbox 1142 3957 1173 4014; x_wconf 84' lang='lat' dir='ltr'>et</span> <span class='ocrx_word' id='word_1_199' title='bbox 1194 3969 1274 4014; x_wconf 90' lang='lat' dir='ltr'>con·</span> 
     </span>
     <span class='ocr_line' id='line_1_26' title="bbox 145 4051 1274 4138; baseline 0 -21"><span class='ocrx_word' id='word_1_200' title='bbox 145 4057 299 4133; x_wconf 88' lang='lat' dir='ltr'>stantiam,</span> <span class='ocrx_word' id='word_1_201' title='bbox 335 4051 358 4092; x_wconf 78' lang='lat'>¹¹</span> <span class='ocrx_word' id='word_1_202' title='bbox 374 4055 514 4137; x_wconf 82' lang='lat' dir='ltr'>quodque</span> <span class='ocrx_word' id='word_1_203' title='bbox 536 4057 592 4137; x_wconf 93' lang='lat' dir='ltr'>ipsi</span> <span class='ocrx_word' id='word_1_204' title='bbox 616 4062 696 4121; x_wconf 89' lang='lat' dir='ltr'>tanto</span> <span class='ocrx_word' id='word_1_205' title='bbox 720 4057 818 4121; x_wconf 88' lang='lat' dir='ltr'>studio</span> <span class='ocrx_word' id='word_1_206' title='bbox 843 4058 888 4120; x_wconf 92' lang='lat' dir='ltr'>usi</span> <span class='ocrx_word' id='word_1_207' title='bbox 912 4056 1021 4120; x_wconf 84' lang='lat' dir='ltr'>tuerint</span> <span class='ocrx_word' id='word_1_208' title='bbox 1043 4056 1080 4119; x_wconf 93' lang='lat' dir='ltr'>ad</span> <span class='ocrx_word' id='word_1_209' title='bbox 1103 4054 1274 4138; x_wconf 84' lang='lat' dir='ltr'>hujusmodi</span> 
     </span>
     <span class='ocr_line' id='line_1_27' title="bbox 146 4159 1318 4242; baseline 0.003 -21"><span class='ocrx_word' id='word_1_210' title='bbox 146 4161 244 4223; x_wconf 83' lang='lat' dir='ltr'>virum</span> <span class='ocrx_word' id='word_1_211' title='bbox 282 4176 385 4222; x_wconf 91' lang='lat' dir='ltr'>senem</span> <span class='ocrx_word' id='word_1_212' title='bbox 423 4159 743 4242; x_wconf 90' lang='lat' dir='ltr'>comprehendendum.</span> <span class='ocrx_word' id='word_1_213' title='bbox 799 4161 902 4224; x_wconf 88' lang='lat' dir='ltr'>Statim</span> <span class='ocrx_word' id='word_1_214' title='bbox 934 4180 1012 4223; x_wconf 92' lang='lat' dir='ltr'>nunc</span> <span class='ocrx_word' id='word_1_215' title='bbox 1046 4160 1095 4223; x_wconf 87' lang='lat' dir='ltr'>iila</span> <span class='ocrx_word' id='word_1_216' title='bbox 1128 4159 1204 4224; x_wconf 90' lang='lat' dir='ltr'>hora</span> <span class='ocrx_word' id='word_1_217' title='bbox 1238 4160 1275 4223; x_wconf 87' lang='lat' dir='ltr'>iis</span> <span class='ocrx_word' id='word_1_218' title='bbox 1315 4213 1318 4224; x_wconf 94' lang='lat'><em>.</em></span> 
     </span>
    </p>
   </div>
   <div class='ocr_carea' id='block_1_8' title="bbox 181 4311 1274 4470">
    <p class='ocr_par' dir='ltr' id='par_1_8' title="bbox 181 4311 1274 4470">
     <span class='ocr_line' id='line_1_28' title="bbox 182 4311 1274 4381; baseline 0 -16"><span class='ocrx_word' id='word_1_219' title='bbox 182 4314 212 4381; x_wconf 87' lang='grc'>6)</span> <span class='ocrx_word' id='word_1_220' title='bbox 232 4311 319 4364; x_wconf 75' lang='lat' dir='ltr'>harah.</span> <span class='ocrx_word' id='word_1_221' title='bbox 338 4313 382 4378; x_wconf 80' lang='lat'>26,</span> <span class='ocrx_word' id='word_1_222' title='bbox 401 4315 444 4366; x_wconf 85' lang='lat'>55.</span> <span class='ocrx_word' id='word_1_223' title='bbox 743 4315 787 4379; x_wconf 88' lang='grc'>10)</span> <span class='ocrx_word' id='word_1_224' title='bbox 806 4315 842 4367; x_wconf 86' lang='lat' dir='ltr'>tta</span> <span class='ocrx_word' id='word_1_225' title='bbox 861 4313 1020 4366; x_wconf 83' lang='lat' dir='ltr'>Jacobsunua</span> <span class='ocrx_word' id='word_1_226' title='bbox 1045 4330 1060 4366; x_wconf 85' lang='lat' dir='ltr'>e</span> <span class='ocrx_word' id='word_1_227' title='bbox 1084 4313 1164 4366; x_wconf 81' lang='lat' dir='ltr'>tribus</span> <span class='ocrx_word' id='word_1_228' title='bbox 1183 4313 1274 4379; x_wconf 86' lang='lat' dir='ltr'>codd.;</span> 
     </span>
     <span class='ocr_line' id='line_1_29' title="bbox 181 4398 905 4470; baseline -0.001 -20"><span class='ocrx_word' id='word_1_229' title='bbox 181 4400 211 4460; x_wconf 85' lang='grc'>’1)</span> <span class='ocrx_word' id='word_1_230' title='bbox 231 4398 267 4451; x_wconf 84' lang='lat' dir='ltr'>ita</span> <span class='ocrx_word' id='word_1_231' title='bbox 280 4398 396 4452; x_wconf 76' lang='lat' dir='ltr'>Uenerius</span> <span class='ocrx_word' id='word_1_232' title='bbox 414 4408 442 4452; x_wconf 85' lang='lat' dir='ltr'>et</span> <span class='ocrx_word' id='word_1_233' title='bbox 459 4399 578 4454; x_wconf 74' lang='lat' dir='ltr'>smithius</span> <span class='ocrx_word' id='word_1_234' title='bbox 597 4419 629 4455; x_wconf 81' lang='lat' dir='ltr'>ex</span> <span class='ocrx_word' id='word_1_235' title='bbox 643 4402 697 4455; x_wconf 81' lang='lat' dir='ltr'>Eu·</span> <span class='ocrx_word' id='word_1_236' title='bbox 724 4402 797 4470; x_wconf 81' lang='lat' dir='ltr'>Vntg.</span> <span class='ocrx_word' id='word_1_237' title='bbox 817 4404 905 4467; x_wconf 70' lang='grc' dir='ltr'><strong><em>κυρίου.</em></strong></span> 
     </span>
    </p>
   </div>
   <div class='ocr_carea' id='block_1_9' title="bbox 146 4465 1394 4555">
    <p class='ocr_par' dir='ltr' id='par_1_9' title="bbox 146 4465 1394 4555">
     <span class='ocr_line' id='line_1_30' title="bbox 146 4465 1394 4555; baseline -0.002 -16"><span class='ocrx_word' id='word_1_238' title='bbox 146 4484 461 4552; x_wconf 73' lang='lat' dir='ltr'>sebtittt.tt.ttt,15.)</span> <span class='ocrx_word' id='word_1_239' title='bbox 486 4486 598 4540; x_wconf 82' lang='lat' dir='ltr'>lectione</span> <span class='ocrx_word' id='word_1_240' title='bbox 624 4486 697 4539; x_wconf 67' lang='lat' dir='ltr'>inri-</span> <span class='ocrx_word' id='word_1_241' title='bbox 743 4490 790 4555; x_wconf 93' lang='grc'>11)</span> <span class='ocrx_word' id='word_1_242' title='bbox 807 4486 1015 4541; x_wconf 77' lang='lat' dir='ltr'>ltelacobsunus</span> <span class='ocrx_word' id='word_1_243' title='bbox 1033 4505 1049 4541; x_wconf 85' lang='lat' dir='ltr'>e</span> <span class='ocrx_word' id='word_1_244' title='bbox 1068 4485 1232 4540; x_wconf 77' lang='lat' dir='ltr'>coddtiind.</span> <span class='ocrx_word' id='word_1_245' title='bbox 1248 4490 1275 4537; x_wconf 79' lang='lat' dir='ltr'>ot</span> <span class='ocrx_word' id='word_1_246' title='bbox 1392 4465 1394 4470; x_wconf 68' lang='lat'>,</span> 
     </span>
    </p>
   </div>
   <div class='ocr_carea' id='block_1_10' title="bbox 146 4568 1274 5076">
    <p class='ocr_par' dir='ltr' id='par_1_10' title="bbox 146 4568 1274 4730">
     <span class='ocr_line' id='line_1_31' title="bbox 146 4568 1274 4645; baseline -0.003 -23"><span class='ocrx_word' id='word_1_247' title='bbox 146 4570 234 4629; x_wconf 65' lang='lat' dir='ltr'>ednas</span> <span class='ocrx_word' id='word_1_248' title='bbox 242 4574 421 4641; x_wconf 69' lang='lat' dir='ltr'>corrigendum</span> <span class='ocrx_word' id='word_1_249' title='bbox 431 4589 489 4627; x_wconf 82' lang='lat' dir='ltr'>esse</span> <span class='ocrx_word' id='word_1_250' title='bbox 499 4583 595 4643; x_wconf 84' lang='lat' dir='ltr'>putant.</span> <span class='ocrx_word' id='word_1_251' title='bbox 614 4573 697 4626; x_wconf 78' lang='lat' dir='ltr'>Editi:</span> <span class='ocrx_word' id='word_1_252' title='bbox 724 4574 802 4627; x_wconf 84' lang='lat' dir='ltr'>Paria.</span> <span class='ocrx_word' id='word_1_253' title='bbox 834 4573 908 4645; x_wconf 71' lang='lat' dir='ltr'>Vuig.</span> <span class='ocrx_word' id='word_1_254' title='bbox 935 4568 1035 4633; x_wconf 72' lang='grc' dir='ltr'><strong><em>α’κοὺσας</em></strong></span> <span class='ocrx_word' id='word_1_255' title='bbox 1063 4569 1107 4624; x_wconf 78' lang='grc' dir='ltr'>οὖν</span> <span class='ocrx_word' id='word_1_256' title='bbox 1136 4568 1191 4627; x_wconf 75' lang='grc' dir='ltr'>τούς</span> <span class='ocrx_word' id='word_1_257' title='bbox 1220 4587 1274 4620; x_wconf 78' lang='lat' dir='ltr'>nu-</span> 
     </span>
     <span class='ocr_line' id='line_1_32' title="bbox 146 4656 814 4730; baseline 0 -21"><span class='ocrx_word' id='word_1_258' title='bbox 146 4656 346 4716; x_wconf 70' lang='lat' dir='ltr'>cvmreddc‘rrac.</span> <span class='ocrx_word' id='word_1_259' title='bbox 723 4659 814 4730; x_wconf 75' lang='grc' dir='ltr'><em>ρὸντας.</em></span> 
     </span>
    </p>

    <p class='ocr_par' dir='ltr' id='par_1_11' title="bbox 146 4743 1274 4986">
     <span class='ocr_line' id='line_1_33' title="bbox 179 4743 1273 4812; baseline -0.001 -16"><span class='ocrx_word' id='word_1_260' title='bbox 179 4746 210 4811; x_wconf 82' lang='grc'>8)</span> <span class='ocrx_word' id='word_1_261' title='bbox 237 4744 455 4812; x_wconf 82' lang='lat' dir='ltr'>Praepositioaem</span> <span class='ocrx_word' id='word_1_262' title='bbox 498 4744 523 4795; x_wconf 73' lang='lat' dir='ltr'>ir</span> <span class='ocrx_word' id='word_1_263' title='bbox 564 4747 596 4799; x_wconf 88' lang='lat' dir='ltr'>ab</span> <span class='ocrx_word' id='word_1_264' title='bbox 642 4746 697 4799; x_wconf 80' lang='lat' dir='ltr'>atiis</span> <span class='ocrx_word' id='word_1_265' title='bbox 743 4749 788 4811; x_wconf 83' lang='grc'>12)</span> <span class='ocrx_word' id='word_1_266' title='bbox 806 4746 1013 4801; x_wconf 73' lang='lat' dir='ltr'>tntacobaonu·</span> <span class='ocrx_word' id='word_1_267' title='bbox 1031 4744 1115 4799; x_wconf 78' lang='lat' dir='ltr'>send</span> <span class='ocrx_word' id='word_1_268' title='bbox 1128 4743 1273 4796; x_wconf 83' lang='lat' dir='ltr'>Parisiensi.</span> 
     </span>
     <span class='ocr_line' id='line_1_34' title="bbox 146 4817 1274 4905; baseline 0.006 -21"><span class='ocrx_word' id='word_1_269' title='bbox 146 4817 266 4884; x_wconf 65' lang='lat' dir='ltr'>omissas}</span> <span class='ocrx_word' id='word_1_270' title='bbox 284 4834 399 4900; x_wconf 83' lang='lat' dir='ltr'>reposuit</span> <span class='ocrx_word' id='word_1_271' title='bbox 416 4832 575 4887; x_wconf 83' lang='lat' dir='ltr'>Jacohsonua</span> <span class='ocrx_word' id='word_1_272' title='bbox 598 4850 614 4887; x_wconf 80' lang='lat' dir='ltr'>a</span> <span class='ocrx_word' id='word_1_273' title='bbox 639 4836 696 4888; x_wconf 88' lang='lat' dir='ltr'>cod.</span> <span class='ocrx_word' id='word_1_274' title='bbox 724 4834 813 4905; x_wconf 65' lang='lat' dir='ltr'>Vuigm</span> <span class='ocrx_word' id='word_1_275' title='bbox 840 4830 966 4895; x_wconf 64' lang='lat' dir='ltr'>educabis,</span> <span class='ocrx_word' id='word_1_276' title='bbox 993 4833 1053 4889; x_wconf 68' lang='lat' dir='ltr'>raris</span> <span class='ocrx_word' id='word_1_277' title='bbox 1075 4831 1168 4898; x_wconf 69' lang='lat' dir='ltr'>thrym·</span> <span class='ocrx_word' id='word_1_278' title='bbox 1195 4826 1274 4893; x_wconf 68' lang='lat'><em>&#39;5¹⁰-</em></span> 
     </span>
     <span class='ocr_line' id='line_1_35' title="bbox 147 4915 1274 4986; baseline -0.001 -20"><span class='ocrx_word' id='word_1_279' title='bbox 147 4917 257 4970; x_wconf 79' lang='lat' dir='ltr'>vindeb.</span> <span class='ocrx_word' id='word_1_280' title='bbox 723 4920 798 4986; x_wconf 77' lang='lat' dir='ltr'>cudrp</span> <span class='ocrx_word' id='word_1_281' title='bbox 833 4918 941 4985; x_wconf 63' lang='grc' dir='ltr'>σπονδή,</span> <span class='ocrx_word' id='word_1_282' title='bbox 987 4915 1002 4983; x_wconf 77' lang='grc' dir='ltr'><em>ἤ</em></span> <span class='ocrx_word' id='word_1_283' title='bbox 1035 4919 1081 4968; x_wconf 80' lang='grc' dir='ltr'>τοῦ</span> <span class='ocrx_word' id='word_1_284' title='bbox 1114 4918 1274 4983; x_wconf 61' lang='grc' dir='ltr'>συλληφθῆναι</span> 
     </span>
    </p>

    <p class='ocr_par' dir='ltr' id='par_1_12' title="bbox 182 4999 1142 5076">
     <span class='ocr_line' id='line_1_36' title="bbox 182 4999 1142 5076; baseline -0.001 -21"><span class='ocrx_word' id='word_1_285' title='bbox 182 5005 211 5074; x_wconf 83' lang='grc'>9)</span> <span class='ocrx_word' id='word_1_286' title='bbox 231 5003 283 5058; x_wconf 72' lang='lat' dir='ltr'>Cir.</span> <span class='ocrx_word' id='word_1_287' title='bbox 302 5001 387 5061; x_wconf 76' lang='lat' dir='ltr'>hianti.</span> <span class='ocrx_word' id='word_1_288' title='bbox 401 5008 427 5076; x_wconf 82' lang='grc'>6,</span> <span class='ocrx_word' id='word_1_289' title='bbox 449 5007 490 5062; x_wconf 90' lang='grc'>10.</span> <span class='ocrx_word' id='word_1_290' title='bbox 522 5009 578 5062; x_wconf 77' lang='lat' dir='ltr'>Act.</span> <span class='ocrx_word' id='word_1_291' title='bbox 592 5007 636 5075; x_wconf 79' lang='grc'>21,</span> <span class='ocrx_word' id='word_1_292' title='bbox 656 5007 697 5062; x_wconf 81' lang='grc'>14.</span> <span class='ocrx_word' id='word_1_293' title='bbox 723 5010 834 5058; x_wconf 76' lang='grc' dir='ltr'>τοιοῦτον</span> <span class='ocrx_word' id='word_1_294' title='bbox 851 5003 989 5074; x_wconf 69' lang='grc' dir='ltr'><em>πρεσβύτην</em></span> <span class='ocrx_word' id='word_1_295' title='bbox 1005 5001 1082 5073; x_wconf 71' lang='grc' dir='ltr'><em>ἄνδρα</em></span> <span class='ocrx_word' id='word_1_296' title='bbox 1098 4999 1142 5070; x_wconf 69' lang='grc' dir='ltr'>ἦν,</span> 
     </span>
    </p>
   </div>
   <div class='ocr_carea' id='block_1_11' title="bbox 0 0 1538 6450">
    <p class='ocr_par' dir='ltr' id='par_1_13' title="bbox 0 0 1538 6450">
     <span class='ocr_line' id='line_1_37' title="bbox 0 0 1538 6450; baseline 0 0"><span class='ocrx_word' id='word_1_297' title='bbox 0 0 1538 6450; x_wconf 95' lang='lat' dir='ltr'> </span> 
     </span>
    </p>
   </div>
  </div>
 </body>
</html>
