3067 6450
211 1208 231 1267 6
477 1149 483 1157 ’
554 1190 735 1248 elnonem:
754 1158 920 1243 errs'roun.
950 1188 992 1240 ru.

210 1361 277 1423 Non
301 1359 404 1420 demus
427 1356 541 1417 enimse
565 1359 685 1415 nostroe
707 1350 843 1431 spolium,
859 1357 898 1411 ut
918 1350 1012 1429 possit
1031 1347 1143 1409 hebere
1159 1353 1333 1428 potestatem

212 1460 398 1525 discurrendi
414 1479 479 1521 cum
496 1457 683 1538 nequissimis
701 1461 730 1515 et
746 1453 964 1534 peccatoribus,
985 1471 1022 1513 nc
1039 1450 1158 1531 quondo
1175 1452 1335 1513 similemus

212 1567 278 1630 illis.
321 1563 549 1626 'consummata
572 1561 649 1621 enim
675 1558 806 1634 tentatio,
830 1557 907 1618 sicut
929 1557 1071 1638 scriptum
1095 1561 1151 1632 est,
1174 1555 1254 1616 sicut
1275 1554 1336 1615 Do-

211 1669 270 1732 niel
295 1667 383 1746 dicit,
414 1664 669 1747 adpropinquavit.
714 1661 840 1741 Propter
863 1659 920 1720 lroc
944 1659 1021 1721 enim
1044 1658 1188 1721 Dominus
1213 1657 1337 1720 ²inler-

212 1773 283 1834 cidit
304 1780 437 1851 tempore
462 1775 491 1831 et
513 1770 588 1846 dies,
612 1775 644 1830 ut
667 1761 815 1828 acceleret
840 1762 964 1825 dilectus
989 1763 1065 1825 illius
1086 1761 1123 1824 od
1141 1761 1336 1825 hereditatem

210 1894 302 1939 suum.
342 1875 417 1936 Dicit
439 1874 483 1935 sic
506 1873 666 1955 propheta:
691 1866 825 1949 ³Re9no
848 1868 881 1928 iu
906 1868 998 1928 terris
1021 1867 1125 1927 decem
1145 1867 1337 1947 requisiturum

212 1989 241 2042 et
262 1985 404 2059 resorqet
421 1985 505 2038 retro
518 1977 666 2054 pusillus,
691 1975 744 2052 qui
762 1973 893 2050 deponet
908 1980 972 2032 tres
989 1971 1022 2031 in
1037 1990 1139 2033 onom.
1173 1971 1220 2033 De
1235 1973 1337 2052 regnis

211 2082 344 2145 simililer
358 2077 379 2143 ⁴.
426 2081 471 2143 De
494 2080 552 2141 hoc
577 2080 641 2159 ipso
667 2076 760 2139 ⁵dtcit
783 2078 890 2138 iterum
915 2074 1037 2135 Daniel:
1061 2071 1127 2136 ⁶131
1149 2077 1218 2139 eidi
1240 2097 1338 2157 quar-

212 2194 272 2248 tam
295 2185 442 2262 bestiam,
466 2201 598 2262 nequam
620 2190 649 2241 et
669 2178 801 2257 sortem,
825 2187 855 2239 et
877 2181 1052 2241 saeviorem
1076 2182 1209 2243 caeteris
1231 2181 1338 2244 destris

210 2290 355 2366 morinis,
381 2297 411 2349 et
434 2293 651 2366 apparuerunt
673 2285 720 2345 illi
743 2284 847 2344 decem
871 2300 1009 2356 cornum
1032 2292 1061 2344 et
1080 2285 1227 2346 escendit
1250 2285 1338 2346 aliud

213 2412 311 2457 corno
335 2391 426 2451 breve
451 2390 483 2448 iu
506 2389 608 2449 medio
631 2387 765 2463 illorum,
791 2395 820 2448 et
841 2388 955 2465 dejecit
977 2406 1097 2450 cornua
1120 2389 1185 2451 trio
1209 2391 1249 2451 de
1271 2410 1337 2452 mo·

206 2495 335 2577 Joribus
361 2492 516 2561 cornibus.
565 2487 757 2574 ⁷lntelligere
782 2508 858 2572 ergo
882 2490 1034 2552 debemus.
1079 2491 1185 2555 Adhuc
1209 2499 1238 2555 et
1262 2512 1338 2576 rogo

213 2616 269 2661 vos
293 2604 428 2678 tunquam
454 2614 530 2659 unus
553 2615 592 2657 ex
615 2596 711 2675 vobis,
735 2613 839 2658 omnes
862 2612 963 2656 amaus
984 2614 1076 2676 super
1091 2598 1218 2660 unimam
1234 2617 1338 2678 meum,

127 2704 134 2717 ‘
214 2709 245 2764 ut
260 2700 417 2763 attendatis
434 2703 530 2778 vobis,
547 2706 576 2760 et
591 2717 651 2762 non
668 2700 803 2762 similetis
819 2699 873 2774 eis,
890 2699 940 2778 qui
956 2705 1076 2780 peccota
1092 2718 1145 2763 suo
1159 2712 1337 2785 congerunt,

215 2812 244 2867 et
260 2804 371 2866 dieunt:
390 2807 458 2885 quie
475 2809 681 2865 testamentum
698 2804 815 2867 illorum
833 2809 861 2864 et
877 2797 958 2865 Βιιοιι
972 2811 1105 2868 nostrum
1120 2814 1173 2868 est.
1197 2808 1337 2872 Nostrum

214 2916 328 2987 autem,
360 2911 427 2990 quio
453 2909 493 2971 illi
517 2910 545 2970 in
569 2915 744 2990 perpetuum
772 2908 963 2990 perdiderunt
993 2908 1080 2988 illud,
1113 2911 1194 2990 quod
1218 2913 1338 2995 Moyses
1377 2980 1381 2989 ,

214 3014 337 3094 occepit.
384 3013 460 3074 Dicit
484 3013 560 3074 enim
584 3013 752 3094 Scriptura:
784 3007 854 3074 ⁹131
878 3010 942 3089 soil
964 3012 1085 3095 llloyees
1110 3015 1141 3075 io
1164 3027 1270 3079 monte
1285 3021 1338 3097 je·

207 3119 330 3196 jurans
353 3115 406 3177 XL
431 3117 542 3177 diebus
566 3125 595 3177 et
617 3118 669 3177 XL
694 3116 857 3188 noctibus;
888 3126 917 3177 et
940 3119 1061 3196 occepit
1085 3127 1299 3184 testamentum
1321 3143 1339 3183 o

214 3220 355 3296 Domino,
381 3219 505 3283 toletus
529 3220 684 3299 lapideus,
709 3221 844 3302 scriptos
865 3240 956 3283 mono
972 3221 1039 3284 Dei.
1079 3222 1137 3285 Sed
1154 3229 1299 3289 conversi
1314 3229 1340 3289 in

214 3324 291 3386 idola
317 3324 511 3404 perdiderunt
533 3325 611 3387 illud.
659 3326 735 3387 Dicit
758 3326 835 3388 enim
859 3325 1002 3387 Dominus
1026 3326 1138 3409 llloysi:
1164 3324 1191 3365 ¹⁰
1207 3329 1339 3412 Moyses,

214 3429 368 3489 descende
391 3429 543 3505 celerius,
575 3431 651 3509 quio
669 3431 834 3510 proeteriit
857 3431 951 3509 leuem
971 3433 1110 3509 popolus
1134 3442 1223 3512 tous,
1256 3456 1340 3515 quem

213 3533 351 3594 eduxisti
373 3534 411 3593 de
435 3542 520 3595 terra
538 3532 675 3615 Aeqypti.
715 3535 751 3596 Et
773 3536 902 3616 projecit
925 3534 1046 3615 Moyses
1071 3536 1184 3599 tribulos
1207 3538 1339 3621 lapideas

214 3634 250 3697 de
267 3636 399 3697 menibus
416 3637 489 3714 suis,
511 3643 540 3697 et
556 3636 738 3700 conlrocturn
755 3647 800 3701 est
817 3646 1023 3701 testamentum
1040 3658 1155 3717 eorum,
1172 3650 1204 3704 ut
1221 3644 1339 3708 dilectio

251 3788 276 3849 1)
296 3786 349 3837 l.e.
366 3790 544 3841 Antichristus
554 3790 762 3857 jomootepcr-
791 3788 868 3857 logie.
905 3791 978 3842 Wien
999 3792 1073 3842 1851.
1110 3792 1137 3844 Τ.
1158 3794 1198 3847 Vl.
1218 3794 1245 3848 P.
1266 3797 1296 3851 ll.
1317 3816 1340 3866 p.

211 3881 270 3934 tos,·
291 3876 363 3924 Deos
382 3875 452 3924 enim
466 3875 763 3939 temporeoldreciooit
791 3876 850 3924 227.
883 3876 977 3927 Sensus
991 3886 1041 3927 est:
1056 3882 1341 3938 Jredaetetltttostue

212 3966 242 4009 ot
260 3973 370 4025 reorterio
390 3959 491 4009 Christi
516 3961 595 4010 eitius
619 3962 761 4012 adceot'ret.
791 3966 961 4025 coiciendum,
997 3967 1167 4021 Christianos
1194 3987 1231 4021 es:
1257 3988 1339 4040 qest·

213 4039 263 4091 Cir.
284 4040 348 4092 Deo.
368 4042 394 4105 9,
414 4042 455 4092 21.
475 4043 517 4091 27.
790 4052 894 4101 tibus
913 4053 1046 4103 uenientes
1063 4062 1164 4120 partem
1182 4073 1236 4107 nort
1248 4062 1341 4111 lutere

248 4128 275 4192 2]
296 4127 312 4177 l.
328 4144 349 4178 e.
368 4131 536 4181 oldreeioeil.
564 4128 608 4180 lta.
622 4133 761 4183 interdicit.
788 4138 999 4203 promissionum
1009 4145 1050 4187 etc
1066 4142 1163 4192 veteris
1171 4144 1339 4197 natumst

247 4212 276 4279 3)
297 4212 359 4263 Dnn.
380 4216 405 4276 7,
424 4214 465 4264 24.
794 4248 820 4257 -
834 4217 1011 4286 Conjecturnm
1023 4222 1086 4273 hooc
1097 4227 1213 4292 recipere
1223 4228 1340 4280 nolentes

247 4300 276 4364 1)
296 4299 312 4349 Ι.
333 4316 355 4351 e.
376 4317 431 4349 cum
459 4301 581 4368 depositis
606 4302 708 4371 regibus
736 4311 761 4354 et
789 4305 872 4357 locum
891 4317 1003 4358 nostrum
1022 4310 1055 4358 ito
1075 4310 1202 4376 etplicent
1222 4323 1339 4380 oportet:

211 4399 290 4450 reguo
311 4400 398 4434 eorum
419 4395 574 4438 evertentur.
789 4396 888 4446 autaei·
905 4403 928 4446 et
945 4397 1083 4448 Eliotritoe
1101 4400 1182 4466 leeem
1195 4402 1341 4453 doratensi

247 4469 274 4528 5,
297 4469 338 4519 Sc.
358 4470 449 4535 prisillo
468 4492 503 4520 =
522 4472 685 4523 Antichristo.
788 4496 839 4529 eron
852 4482 939 4540 solum
950 4483 1079 4547 Judueos,
1093 4486 1140 4535 sed
1152 4493 1175 4536 et
1187 4502 1238 4539 etos
1251 4484 1338 4553 (Chri-

247 4554 275 4612 6)
296 4553 358 4605 Dan.
379 4556 404 4618 7,
424 4557 447 4606 7,
468 4556 491 4610 8.
788 4565 895 4627 stiones)
916 4568 1032 4634 ottiyore
1052 4572 1215 4623 conitendum.
1246 4570 1280 4622 Et
1296 4589 1339 4625 se·

246 4642 274 4707 7]
295 4641 312 4691 l.
327 4658 348 4690 e.
368 4646 508 4709 prescientes
527 4647 625 4709 sinsus,
645 4663 676 4697 ne
692 4664 758 4715 per·
788 4651 901 4715 quentia:
913 4653 1339 4724 Reveraorrternsoedusdirimertt

108 4765 110 4770 .
211 4744 303 4779 eortius
323 4732 350 4778 iu
371 4732 517 4780 tentatione
787 4745 910 4787 nostrum
928 4738 1015 4790 solum
1034 4749 1082 4803 est,
1101 4757 1154 4793 noo
1172 4746 1339 4797 dedecorose

245 4811 274 4876 8)
301 4816 359 4865 Non
385 4820 444 4863 onte
468 4824 589 4868 oestrum
616 4817 759 4883 ponendum
786 4821 875 4873 simut.

212 4911 269 4945 esse
295 4897 398 4960 conjicit
417 4895 459 4947 Dr.
486 4902 560 4952 Nolle
584 4902 608 4951 in
632 4905 761 4956 Scieiuer
839 4906 868 4967 9)
889 4905 969 4957 Exod.
988 4908 1031 4973 31,
1054 4910 1093 4960 18.
1114 4912 1157 4976 31,
1177 4913 1220 4965 28.

211 4988 259 5031 ete.
279 4980 424 5033 Zeitschrilt
449 4982 488 5034 liin
513 4985 535 5035 d.
556 4986 651 5039 litlot.
672 4988 758 5041 Theo·
823 4991 866 5058 10)
887 4992 964 5044 Exod.
986 4994 1029 5059 32,
1050 4998 1073 5047 7.
1110 4997 1185 5050 Dent.
1205 5000 1232 5066 9,
1254 5002 1295 5053 12.
