3067 6450
419 1194 576 1251 uetsrotn
595 1195 640 1250 su
661 1194 864 1251 utoattttrtttt.
884 1197 914 1251 ll.
934 1196 974 1251 lll.
1198 1202 1259 1267 301

132 1355 303 1434 includitis,
327 1374 362 1419 ac
385 1356 515 1419 interdiu
539 1357 680 1420 custodes
703 1358 867 1438 apponitis,
900 1377 938 1420 ne
965 1357 1042 1421 lurto
1067 1357 1264 1422 auferantur?

132 1460 171 1524 Et
202 1478 277 1523 vero
307 1460 364 1522 illis
394 1460 574 1541 honoribus,
605 1464 712 1543 quihus
744 1483 799 1525 vos
830 1465 973 1550 prosequi
1001 1482 1056 1527 eos
1079 1464 1264 1543 existirrratis,

132 1568 232 1650 potius
255 1566 401 1648 supplicio
425 1585 480 1631 eos
503 1568 636 1648 allicitis,
667 1569 814 1651 siquidem
837 1587 930 1630 sensu
952 1577 1021 1631 sunt
1043 1568 1185 1650 praediti;
1217 1569 1263 1631 sin

132 1678 276 1752 expertes
300 1679 370 1734 sunt
391 1690 517 1751 sensus,
551 1673 638 1755 hujus
662 1675 707 1736 rei
738 1672 812 1738 ¹eos
840 1673 1032 1750 convincitis,
1065 1675 1211 1755 sanguine
1235 1678 1266 1735 et

133 1780 288 1841 nidoribus
312 1795 367 1842 eos
391 1778 535 1841 colentes.
581 1778 690 1842 ⁹Haec
714 1786 845 1842 vestrum
868 1778 975 1858 aliquis
997 1777 1138 1840 sullertol
1182 1778 1264 1841 Haec

132 1885 242 1965 petitor
279 1883 385 1963 aliquis
419 1884 474 1945 sibi
509 1881 591 1943 lieri!
642 1886 700 1950 Sed
737 1885 834 1948 nullus
868 1885 986 1965 quidem
1020 1885 1171 1948 lominum
1206 1885 1265 1948 troc

133 1987 325 2069 supplicium,
360 1988 415 2049 nisi
446 1989 571 2066 invitus,
603 1992 745 2069 patietur,
779 2007 871 2051 sensu
903 1992 980 2051 eninr
1011 1996 1041 2052 et
1071 1990 1187 2050 ratione
1217 1995 1265 2052 est

132 2091 306 2173 praeditus;
331 2097 361 2152 at
376 2091 449 2172 lapis
466 2092 493 2154 id
512 2094 628 2174 patitur,
652 2111 744 2156 sensu
763 2096 841 2156 enirn
859 2101 949 2156 caret.
997 2091 1147 2171 ³llevera‚
1171 2109 1263 2157 sensu

135 2193 232 2257 ‘eum
258 2196 421 2278 praeditum
446 2216 525 2277 esse,
550 2215 605 2260 uos
628 2217 688 2260 non
713 2197 930 2261 demonstratis.
974 2197 1079 2261 Aede
1103 2215 1158 2274 eo,
1183 2195 1262 2277 quod
1377 2240 1381 2247 ·

134 2300 292 2363 Christiani
316 2301 372 2363 diis
395 2300 565 2384 hujusmodi
589 2305 618 2365 in
643 2307 816 2367 servitutem
839 2304 948 2368 addicti
977 2322 1038 2367 non
1068 2304 1143 2380 sint,
1174 2302 1262 2364 multa

134 2407 254 2488 quidem
279 2414 310 2468 et
331 2407 387 2470 alia
410 2407 551 2470 halterem
576 2410 678 2472 dicere
686 2431 695 2486 ;
717 2412 743 2472 si
764 2411 811 2471 cui
831 2414 926 2470 tamen
947 2409 1020 2471 haec
1042 2409 1104 2489 ipsa
1122 2406 1263 2470 sufficere
1299 2403 1304 2411 '

134 2530 196 2575 non
220 2511 385 2592 videantur,
409 2530 665 2593 supervacaneum
688 2516 817 2578 arbitror
839 2521 868 2576 et
891 2514 976 2595 plura
1000 2513 1111 2577 dicere.

133 2704 178 2768 lll.
201 2705 316 2767 duduci
330 2707 541 2786 superstitiosi
557 2715 638 2785 sunt,
654 2706 754 2768 Deum
771 2708 881 2788 aliquo
897 2727 930 2769 re
948 2707 1088 2787 indipore
1101 2714 1260 2785 putantes.

222 2827 372 2908 Deinceps
403 2835 500 2889 sutern
530 2827 568 2890 de
602 2847 655 2907 eo,
690 2829 771 2909 quod
802 2848 864 2892 non
895 2836 941 2892 est
970 2830 1025 2892 illis
1056 2828 1133 2892 idem
1165 2829 1261 2891 cultus
1369 2850 1371 2855 ·

133 2931 271 3010 divinus,
302 2934 356 3012 qui,
374 2931 513 3009 ludaeis,
545 2940 575 2995 te
598 2935 725 2996 manime
749 2934 887 3014 cupidum
911 2952 980 2996 esse
1011 2933 1150 2997 audiendi
1179 2942 1259 3014 puto.

133 3035 240 3099 Judaei
263 3036 369 3118 igitur,
402 3034 456 3100 ⁶si
479 3036 597 3116 quidem
620 3039 770 3101 abstinent
793 3041 871 3102 cultu
902 3059 992 3121 supra
1019 3045 1201 3116 memorato,
1231 3044 1261 3100 et

135 3136 255 3203 'Deum
279 3160 369 3204 unum
392 3144 541 3221 reiterari,
565 3142 776 3222 dominumque
799 3145 930 3206 omniurn
953 3145 1124 3205 existimare
1147 3142 1260 3220 volunt,

134 3244 240 3331 (recle
256 3245 424 3330 sentiunt);
446 3250 472 3311 si
495 3248 602 3312 eodem
626 3254 722 3311 tamen
746 3248 846 3325 modo,
869 3266 928 3329 quo
951 3247 1141 3329 supradicti,
1166 3247 1261 3308 Deum
1285 3245 1290 3253 '

133 3353 251 3431 colant,
282 3353 312 3416 in
345 3371 451 3415 errore
482 3363 639 3417 versantur
656 3349 678 3415 ⁸.
722 3353 795 3415 Narn
826 3372 903 3433 quae
926 3353 1032 3415 Graeci
1063 3369 1172 3414 sensus
1201 3369 1260 3412 en-

132 3458 268 3539 pertibus
291 3463 321 3519 et
343 3456 441 3520 surdis
465 3458 638 3534 offerentes,
661 3458 828 3520 dementiae
849 3457 917 3519 dant
939 3463 1161 3539 argumentum3
1187 3455 1261 3518 haec

132 3563 175 3625 illi
200 3562 280 3639 Deo,
313 3568 449 3642 tunquam
483 3564 519 3625 iis
551 3564 712 3646 indigenti,
748 3564 894 3644 praebere
925 3566 1076 3643 putentes,
1108 3560 1260 3623 stultitiam

131 3666 234 3747 potius
269 3683 354 3745 quam
387 3666 496 3728 cultum
529 3668 658 3730 divinum
690 3669 718 3731 id
755 3668 834 3732 lorta
868 3667 1045 3729 existiment.
1092 3666 1148 3740 Qui
1182 3665 1261 3727 enirn
1314 3702 1316 3704 -

132 3770 251 3833 coelurn
284 3776 313 3831 et
343 3778 470 3850 terrain,
501 3779 589 3854 atque
618 3776 733 3853 ornnia,
767 3786 848 3856 quae
874 3775 903 3834 in
934 3773 969 3834 iis
999 3775 1083 3848 sunt,
1118 3768 1259 3847 condidit,
1318 3797 1321 3803 ·

131 3875 281 3956 nobisque
304 3876 440 3939 omnibus
465 3896 501 3940 ea
524 3879 707 3961 suppeditat,
732 3881 839 3960 quibus
863 3877 1045 3958 indigemus,
1072 3881 1154 3937 certo
1177 3873 1259 3937 nullo

132 3996 238 4043 eorurn
268 3979 396 4063 indiget,
429 4001 505 4062 quae
528 3983 593 4063 ipse
616 3986 651 4046 iis
674 3984 814 4068 largitur,
848 3984 899 4063 qui
929 3983 956 4045 ei
985 3982 1058 4044 haec
1087 3978 1159 4041 dare
1190 3978 1261 4042 exi·

132 4178 159 4221 et
176 4164 304 4229 ἅπὸδοσις,
324 4185 347 4221 e.
361 4186 386 4238 g.
400 4170 473 4226 καλῶς
490 4169 555 4234 ἔχει,
574 4170 682 4239 elegen·
710 4190 755 4241 pro
774 4177 869 4240 φρονεῖν
887 4170 1023 4241 legendum
1043 4170 1134 4221 suadet
1152 4174 1261 4236 φρονοῖεν
1296 4168 1306 4177 “

132 4264 173 4308 ter
190 4259 318 4307 reticetur.
350 4259 433 4326 Vipsr.
453 4271 477 4322 p.
497 4257 556 4307 509.
578 4257 637 4311 llot.
656 4262 681 4324 †.
709 4256 746 4308 ἄν.

131 4340 193 4395 Post
218 4346 314 4406 φρονεῖν
341 4343 430 4409 igitur,
458 4350 485 4393 ut
509 4353 596 4397 monet
614 4349 681 4410 Otto,
744 4346 773 4412 8)
794 4344 856 4397 lnde
875 4360 907 4395 ex
925 4358 972 4408 eo,
994 4343 1063 4413 quod
1083 4351 1173 4395 auctor
1192 4352 1260 4396 wm-

130 4427 300 4497 supplendum
325 4437 364 4480 est
387 4424 464 4496 ὀρθῶς
489 4433 613 4496 φρονοῦσι,
641 4432 682 4485 vsl
709 4447 773 4500 porc
797 4432 925 4498 praesenti
944 4431 1038 4495 utitur,
1063 4430 1174 4481 nonnulli
1194 4446 1259 4481 con·

131 4516 214 4568 similo
233 4514 370 4585 quidpiam.
705 4519 813 4583 jecero,
858 4520 940 4585 ipsum
975 4517 1069 4583 templo
1104 4515 1260 4567 ludaeorum

166 4603 196 4671 7)
216 4602 259 4654 lis.
285 4600 322 4659 εἰς.
353 4601 430 4654 Nolts
454 4604 569 4670 conjicit:
597 4609 636 4655 καὶ
662 4606 683 4655 εἰ
710 4605 792 4657 adhuc
814 4606 951 4671 superstite
975 4604 1115 4669 scripsisse.
1152 4599 1201 4651 Sed
1225 4600 1259 4652 sd

132 4688 196 4739 Θεόν
213 4688 256 4738 ἳνα
274 4692 324 4739 τῶν
343 4688 444 4739 πάντων
462 4688 584 4755 δεσπότην
603 4695 683 4755 σέβειν
709 4695 790 4761 tepens
824 4692 959 4743 mosaicam
991 4690 1146 4757 respiciens,
1182 4690 1259 4737 etism

130 4771 232 4839 ἐξιοῦσι,
258 4777 281 4826 st
306 4774 332 4826 dt
358 4796 379 4825 κ.
397 4779 457 4826 nt„
493 4778 541 4845 lpsi
565 4779 606 4827 καὶ
625 4786 682 4846 post
709 4779 800 4830 deletis
813 4777 997 4843 Hierosolymis
1010 4778 1043 4826 its
1062 4774 1131 4841 loqui
1149 4779 1258 4841 poterut.

130 4868 210 4926 σέβων
236 4873 264 4916 et
290 4864 397 4916 verbum
428 4870 523 4930 φρονεῖν
552 4864 681 4917 Glossema
709 4865 760 4919 Cir.
791 4864 895 4933 Tubiug.
926 4864 1152 4931 Quorulsclsrs'ft,
1189 4858 1205 4911 l.
1233 4873 1257 4909 ο·

131 4965 190 5002 esse
207 4950 332 5006 videntur.
364 4954 422 5005 Otto
445 4966 492 5019 pro
510 4952 550 4998 καὶ
567 4949 599 5007 εἷς
618 4949 683 5001 eutr
708 4968 733 5019 p.
752 4951 811 5004 449.

130 5035 196 5107 legit
212 5040 252 5088 sal
270 5034 301 5096 uis
319 5033 384 5090 Θεδν
401 5057 424 5088 as.
437 5057 458 5088 τ.
469 5039 490 5087 λ.
517 5036 682 5092 Hoffmuttutts
