3067 6450
101 1232 107 1246 Ι
204 1160 280 1216 xcvt
644 1154 893 1210 tantationum.
1193 1158 1332 1230 [eastun

204 1323 332 1388 Hermae
363 1320 679 1384 convenire'omnioo
710 1318 762 1379 vix
793 1324 900 1401 potest.
945 1315 1106 1380 Pervoluto
1139 1338 1249 1402 nempe
1277 1322 1333 1384 lroc

148 1418 152 1426 “
202 1427 296 1506 libro,
319 1425 396 1488 baud
423 1425 542 1488 difficile
565 1424 726 1507 perspiciet
749 1424 970 1504 unusquisque,
997 1419 1152 1485 auctorem
1177 1425 1257 1488 inter
1279 1428 1333 1490 alia

205 1549 243 1592 eo
268 1529 394 1591 maxime
418 1530 556 1591 retulisse
579 1548 632 1591 sua
656 1528 800 1607 consilia,
830 1535 860 1589 ut
890 1530 919 1590 in
948 1521 1174 1608 controversia,
1209 1532 1333 1612 primum

204 1633 308 1698 seculo
332 1632 468 1695 secundo
492 1639 556 1695 orta
576 1631 621 1716 ¹),
645 1639 772 1710 statuat,
806 1632 877 1713 ipsis
900 1633 1089 1714 gravioribus
1113 1638 1333 1717 peccatoribus,

205 1744 234 1801 ct
258 1738 390 1801 moechis
414 1743 443 1799 et
466 1740 626 1818 apostatis,
654 1743 769 1800 restare
793 1739 1019 1817 poenitentiam,
1047 1739 1182 1817 quamvis
1208 1743 1332 1804 unicam.

204 1841 308 1906 Mirum
332 1859 406 1903 sana
430 1841 562 1922 videtur,
595 1842 673 1925 quod
698 1848 755 1902 tam
778 1861 881 1923 parum
905 1841 941 1903 ad
965 1842 1022 1904 boc
1045 1844 1222 1922 consilium,
1254 1844 1333 1926 quud

204 1946 285 2010 clare
306 1946 406 2029 prodit
429 1953 550 2026 auctor,
574 1947 793 2032 attendebatur,
821 1966 877 2028 qua
901 1948 1113 2010 observatione
1138 1948 1228 2028 duce,
1253 1959 1332 2014 aetas

203 2053 360 2133 scriptoris
392 2051 630 2130 determinanda,
662 2052 740 2113 nulla
771 2051 938 2113 laborasset
970 2051 1153 2115 difficultate.
1200 2054 1248 2118 Ex
1273 2056 1333 2137 ipsa

203 2175 295 2240 porro
318 2158 436 2220 ratione
460 2162 489 2217 ct
512 2158 695 2219 institutione
725 2156 813 2238 hujus
844 2156 911 2217 libri
937 2157 966 2217 in
993 2163 1128 2238 promptu
1154 2177 1226 2222 esse
1248 2154 1332 2222 nobis

204 2263 332 2342 uidetur,
355 2269 509 2324 auctorem
532 2263 661 2324 Pastoris
684 2258 899 2346 montanumt)
923 2262 1049 2343 ejusque
1073 2264 1206 2325 asseclas
1231 2272 1332 2344 petere

203 2369 364 2450 cogitasse.
399 2365 540 2429 blontano
558 2368 645 2444 enim,
666 2386 792 2428 unacum
809 2368 948 2429 sociabus
964 2370 1026 2429 suis
1042 2369 1172 2431 Priscilla
1190 2376 1220 2431 et
1237 2371 1332 2433 blaxi-

203 2472 290 2548 milla‚
311 2470 418 2533 divinis
434 2470 665 2535 revelationibus
682 2472 885 2554 gloriantibus,
906 2472 1021 2553 quibus,
1041 2475 1161 2553 quaein
1180 2474 1331 2557 disciplina

204 2576 362 2638 christiana
393 2577 520 2638 maxime
547 2575 743 2639 desideranda
767 2578 920 2654 uenirent,
954 2577 1199 2657 instituebantur,
1230 2588 1331 2643 auctor

204 2688 308 2745 noster
323 2682 395 2744 alias
413 2681 612 2745 revelationes
628 2683 766 2745 divinitus
780 2682 862 2744 datas
876 2700 1030 2762 opponere
1043 2681 1201 2744 meditatus
1214 2686 1281 2745 est“
1292 2681 1330 2768 ³)

291 2780 387 2861 Ouum
411 2788 539 2869 denique
562 2795 665 2851 auctor
681 2789 810 2851 Pastoris
831 2788 868 2848 de
889 2793 985 2848 morte
1002 2786 1217 2868 Apostolorum
1242 2787 1329 2870 (Sim.

203 2891 253 2969 lX,
275 2890 343 2974 ld.)
366 2898 395 2954 ct
419 2892 456 2955 de
480 2912 574 2971 more,
597 2909 662 2954 cum
685 2892 918 2954 subintroductis
943 2892 1061 2953 vivendi
1085 2890 1173 2974 (Sim.
1193 2893 1242 2972 lX,
1265 2889 1329 2976 ll.)

203 2997 295 3058 verba
319 2996 415 3075 iaciat,
439 3016 497 3060 non
521 2998 657 3059 Hermam
680 2997 884 3078 apostolicum,
907 2996 961 3059 sed
985 2995 1166 3059 tratrem-Pii
1182 2997 1202 3059 l.
1227 2998 1329 3061 librum

202 3108 335 3165 nostrum
359 3121 501 3165 exarasse
524 3109 669 3184 putemus.

291 3209 394 3287 Priori,
418 3214 449 3270 ut
471 3208 605 3287 vidimus,
629 3208 704 3291 parti
720 3209 887 3270 sentcntiae
903 3212 1024 3270 nostrae
1040 3204 1176 3269 Gralzius
1194 3207 1328 3292 adstipu-

202 3312 295 3393 latur,
326 3313 380 3376 sed
412 3313 509 3395 quoad
542 3321 655 3395 partem
688 3315 886 3395 posteriorem
917 3332 933 3375 a
960 3313 1046 3374 nobis
1069 3312 1238 3400 recedens,
1271 3332 1327 3376 non

203 3418 323 3481 fratrem
339 3419 380 3481 Pii
395 3419 417 3497 l,
442 3423 495 3480 sed
511 3437 689 3500 anonymum
707 3418 863 3499 quemdam
880 3417 1056 3498 scriptorem
1074 3417 1178 3479 seculo
1194 3418 1326 3482 secundo

200 3522 306 3586 librum
332 3523 409 3586 lrunc
432 3525 637 3603 composuisse
661 3526 837 3605 suspicatur,
863 3524 981 3586 dicens:
1016 3524 1063 3601 „ri
1087 3544 1195 3602 nempe
1218 3535 1327 3589 auctor

200 3629 346 3691 addictus
365 3628 481 3707 [uisset
504 3628 654 3690 ecclesiae
678 3629 1030 3710 latiuac,‘llomunoquc
1047 3630 1190 3709 pontifici
1211 3650 1326 3711 capno·

201 3735 298 3796 tionc'a
321 3734 447 3795 vinculo
472 3735 673 3810 conjunctus,
698 3741 780 3794 certe
803 3734 881 3795 liber
906 3736 1005 3814 ipsius
1030 3733 1135 3795 notior
1158 3736 1328 3797 exstitisset

200 3838 336 3914 Latinis,
360 3853 453 3918 quum
479 3836 628 3898 Graecis“
647 3834 689 3919 ⁴).
737 3838 872 3900 Gralzius
896 3839 943 3900 bie
966 3839 1058 3899 verba
1080 3838 1255 3920 Hieronymi
1277 3858 1327 3901 re·

202 3943 304 4024 spicit:
332 3942 436 4020 ,apud
458 3943 611 4030 quasdam
630 3942 783 4005 Graeciae
806 3946 955 4007 ecclesius
979 3942 1073 4027 (liber
1089 3942 1243 4026 Pastoris)
1260 3947 1328 4025 jum

199 4048 326 4127 publice
349 4047 482 4126 lepitur;
505 4048 658 4110 ....sed
680 4050 765 4129 opud
785 4050 918 4113 Latinos
937 4067 1036 4129 poene
1060 4048 1183 4128 ipnotus
1207 4049 1273 4110 est“
1288 4045 1327 4131 ⁶).

238 4217 265 4286 1)
284 4216 357 4270 Conl.
376 4219 439 4271 dot.
459 4217 587 4273 Mariana
611 4220 643 4273 de
670 4222 749 4273 disci·
780 4221 886 4276 Wetzer
912 4232 937 4274 ct
964 4222 1056 4274 Wclta.
1097 4220 1225 4290 Freiburg
1254 4219 1326 4273 1851.

200 4305 269 4372 plina
305 4307 444 4371 poenitent.
493 4309 584 4360 Jacob.
615 4312 750 4364 Strrnnnd.
779 4310 804 4361 t.
826 4311 877 4362 Vll.
896 4327 920 4378 p.
940 4310 990 4360 255
1010 4319 1036 4361 et
1054 4309 1112 4361 266.

201 4392 259 4444 bist.
279 4408 353 4459 poen.
374 4392 499 4459 publicae.
531 4397 630 4449 Oraiue
649 4396 680 4447 da
696 4398 748 4447 cri·
812 4396 841 4463 3]
862 4397 936 4449 Plane
951 4397 1050 4449 anobis
1069 4394 1168 4447 recedit
1188 4398 1326 4449 namma

202 4481 296 4531 minum
315 4479 458 4545 capitalium
477 4497 523 4547 per
541 4484 586 4533 tria
605 4484 690 4549 priora
703 4499 748 4533 se·
777 4483 871 4549 (Lelrre
884 4501 934 4536 ron
948 4486 994 4535 der
1010 4484 1103 4535 Person
1118 4481 1221 4545 Christi,
1241 4482 1283 4533 ed.
1296 4480 1325 4532 ll.

201 4567 256 4619 cula
276 4565 445 4617 absolutione.
479 4566 554 4619 1730.
585 4571 609 4619 l.
777 4568 805 4622 T.
824 4569 842 4620 l.
862 4587 886 4638 p.
901 4571 950 4621 189
963 4572 1028 4639 sp),
1048 4569 1217 4622 contendebat
1238 4568 1326 4621 librum

236 4655 264 4714 2)
284 4652 402 4703 llaeresis
417 4653 621 4705 llontanisturum
635 4663 749 4721 tempora
777 4660 886 4723 pastoria
905 4658 981 4725 paulo
1004 4666 1198 4727 nntc'tempora
1219 4657 1327 4709 Montani

201 4740 237 4792 Pii
257 4740 283 4804 l.,
303 4741 394 4793 mediis
407 4741 486 4791 seculi
504 4741 610 4791 secundi
623 4744 748 4808 tempori·
776 4746 895 4810 scriptam
909 4754 976 4809 esse,
995 4753 1020 4795 ct
1036 4754 1166 4796 auctorem
1180 4743 1237 4810 ejus
1249 4760 1337 4816 prta·-¹

200 4826 256 4890 bus,
270 4835 346 4895 utque
360 4827 470 4878 nonnulli
485 4827 587 4891 malunt,
596 4826 649 4892 jam
660 4827 688 4879 Α.
700 4829 749 4879 tto
777 4847 904 4883 cursorem
924 4831 1083 4882 llontunisml
1103 4831 1190 4883 luisse.

200 4915 295 4965 initium
321 4916 397 4981 cepit.
435 4911 486 4967 Clr.
506 4929 571 4981 qrrne
591 4914 624 4965 du
650 4914 697 4965 hac
721 4933 748 4967 rc
811 4917 839 4984 ⁴l
859 4917 949 4982 Grata,
967 4917 984 4969 l.
1005 4936 1027 4970 r..
1046 4934 1071 4985 p.
1090 4917 1115 4969 8.

201 5000 383 5067 disputavimus
408 5001 433 5052 iu
460 4998 670 5070 lllrcbeulexicon
697 5018 748 5055 ron
811 5003 839 5072 5)
860 5003 897 5055 lla
916 5006 975 5056 uiris
993 5005 1082 5057 illustr.
1101 5021 1124 5056 c.
1146 4996 1210 5058 tt).x
